2762 4458
1250 236 1313 293 st.
1339 249 1410 294 93.
2426 250 2485 293 79

170 431 604 503 provincialium
647 430 1053 499 episcoporum,
1096 443 1201 481 nec
1241 427 1298 480 in
1341 426 1568 481 civitate
1608 425 1892 495 Aquileja,
1934 428 2039 480 sed
2078 427 2137 480 in
2177 427 2482 481 dioecesim

173 524 232 577 et
276 519 498 588 plebem
539 518 954 588 Aquilejensem
1015 516 1267 580 GraduS,
1329 531 1477 585 quae
1531 517 1615 569 est
1669 531 1949 584 perparva
2008 516 2216 581 insula,
2282 517 2479 570 contra

172 624 455 664 canonum
509 610 729 662 statuta
772 610 829 661 et
869 609 1195 661 sanctorum
1251 607 1481 674 patrum
1532 603 1758 658 decreta
1820 605 2120 659 ordinatus
2177 605 2339 674 est.«J
2396 605 2480 658 To

171 699 382 767 ρῐίᾰυῇε
426 699 612 766 pisrno
657 696 991 768 oglejskega
1034 693 1305 762 patriarha
1350 692 1527 759 wana,
1580 693 1772 747 katero
1814 695 1865 763 ᾖε
1909 694 2091 763 poslal
2134 694 2308 763 kralju
2350 694 2478 762 Agi-

170 786 321 841 lulfu.
366 788 411 840 V
453 792 562 841 tem
605 789 790 855 pismu
830 787 883 855 ᾖε
924 783 1161 853 patriarh
1206 781 1458 836 naznanil
1518 783 1708 852 kralju,
1767 783 1912 837 kako
1971 770 2284 852 pbstopajo
2346 782 2480 838 Grki

170 878 224 930 in
266 876 528 945 gradeski
573 876 809 945 patriarh
854 892 879 929 5
921 877 1100 930 tistimi
1144 876 1400 929 istrskimi
1445 873 1610 938 simii,
1662 873 1829 928 kateri
1874 875 2000 927 niso
2046 866 2156 942 njih
2205 872 2482 940 verskega

171 967 537 1035 preprieanja.
561 969 598 1033 ¹)

349 1055 572 1110 Gradei
610 1057 663 1125 ᾖε
708 1054 845 1109 otok
895 1071 962 1108 na
1024 1055 1208 1123 morju
1263 1055 1316 1107 in
1373 1053 1519 1118 Istra,
1575 1054 1757 1108 katera
1812 1054 1864 1123 je
1927 1052 2034 1106 bila
2092 1051 2294 1120 nekdaj
2358 1051 2478 1119 pod

171 1144 434 1215 oglejsko
492 1144 836 1212 metrop010,
896 1145 949 1213 je
1007 1143 1114 1196 bila
1177 1143 1362 1209 takrat,
1423 1143 1495 1197 ko
1537 1144 1588 1212 je
1632 1142 1870 1211 patriarh
1927 1142 2054 1195 lvan
2115 1142 2253 1210 pisa!
2311 1140 2481 1209 kralju

168 1233 430 1304 Agilulfu,
473 1234 696 1287 zavisna
740 1233 817 1287 od
860 1233 1050 1302 grskih
1095 1234 1345 1302 cesarjev
1387 1233 1440 1286 in
1481 1233 1558 1287 od
1604 1232 1841 1286 eksarha
1883 1231 2208 1301 Smaragda.
2262 1230 2475 1300 Lango-

171 1321 396 1397 Qardski
454 1322 582 1392 kral]
639 1324 777 1391 torej
837 1324 889 1376 ni
949 1323 1141 1391 megel
1205 1322 1491 1391 pomagati
1555 1321 1836 1390 patriarhu
1899 1320 2085 1387 {vanu,
2140 1322 2245 1388 pac}
2298 1336 2370 1388 pa
2413 1335 2480 1372 so

170 1411 366 1466 moraii
409 1412 586 1466 istrski
629 1411 810 1480 skofje
853 1412 1117 1479 posvetiti
1176 1414 1455 1482 rebenega
1514 1410 1901 1480 Kandidijana,
1947 1409 2043 1463 ker
2082 1410 2134 1478 je
2179 1409 2378 1462 eksarh
2422 1413 2479 1461 to

170 1500 419 1554 zahteval
461 1506 542 1554 ter
570 1517 637 1555 50
678 1501 751 1570 jih
796 1501 946 1569 grski
990 1501 1175 1570 vojaki
1207 1501 1239 1553 k
1268 1506 1418 1554 temu
1463 1500 1688 1569 prisilili.
1729 1499 1874 1570 [fflt
1898 1499 2036 1569 quia
2069 1496 2309 1552 Gradus
2335 1498 2486 1551 mari

170 1593 226 1643 et
248 1590 532 1658 fluctibus
571 1590 834 1661 cingitur,
879 1592 935 1644 et
972 1590 1215 1655 Histria,
1259 1606 1409 1660 quae
1443 1590 1608 1658 prius
1646 1588 1947 1660 Aquilejae
1985 1604 2128 1642 suae
2180 1587 2486 1655 metropoli

165 1679 419 1748 subjecta
446 1679 665 1748 suerat,
693 1678 1023 1751 Smaragdo
1066 1679 1308 1734 exarcho
1350 1680 1663 1746 resistente,
1707 1681 1842 1733 tunc
1868 1695 1904 1732 a
1935 1675 2334 1748 Longobardis
2353 1677 2486 1745 capi

167 1783 284 1821 non
316 1769 521 1835 potuit,
562 1769 670 1823 sed
706 1769 952 1840 adjura
999 1767 1354 1824 Graecorum
1406 1771 1732 1833 ten'ebatur,·
1773 1784 1884 1839 quo
1915 1769 2144 1839 factum
2188 1767 2284 1831 est,
2328 1766 2486 1836 quod

166 1872 261 1910 rex
301 1858 356 1911 ei
390 1858 608 1912 nullum
659 1861 852 1925 potuit
899 1861 1197 1929 praestare
1253 1860 1551 1914 auxilium:
1592 1875 1663 1913 ac
1697 1858 1963 1929 per-lzoc,
2008 1857 2133 1925 ipso
2190 1856 2481 1910 annitente

169 1947 428 2012 exarcho,
489 1947 749 2002 Histriae
808 1950 1064 2019 episcopi
1118 1950 1189 2004 de
1249 1950 1502 2004 ecclesiis
1555 1949 1677 2003 suis
1717 1965 1753 2002 a
1795 1948 2071 2002 militibus
2129 1944 2479 2000 Graecorum

166 2037 337 2089 tracti
371 2039 519 2101 sunt,
563 2040 620 2090 et
655 2038 806 2092 lzunc
851 2038 1286 2094 Candidianum
1329 2039 1596 2114 ora'inare
1639 2036 2000 2106 compulsi.«l

347 2126 392 2179 V
433 2127 599 2181 starih
656 2128 1080 2198 zgodovinskih
1125 2129 1262 2183 virih
1306 2145 1368 2183 se
1411 2130 1548 2198 torej
1609 2127 1803 2182 vedno
1861 2127 2089 2195 omenja
2130 2126 2180 2179 le
2225 2124 2481 2194 oglejska

167 2217 501 2285 metropola,
544 2216 769 2272 Gradei
809 2219 861 2288 ᾖε
904 2218 978 2272 bil
1021 2235 1095 2287 pa
1135 2218 1185 2272 Ιε
1229 2220 1393 2288 njena
1434 2217 1563 2273 fara.
1626 2217 1755 2287 Spis
1814 2214 2060 2286 puljskih
2117 2214 2478 2284 prebivalcev

165 2334 234 2344 —
276 2305 392 2375 ΡυΙῇ
434 2307 486 2375 ᾖε
528 2307 738 2377 glavno
794 2313 975 2363 mesto
1028 2307 1157 2362 {stre
1198 2339 1269 2347 —
1311 2308 1610 2377 dokazu1e‚
1655 2307 1725 2361 da
1779 2322 1846 2360 so
1890 2304 2085 2374 prosili
2146 2303 2480 2374 oglejskega

166 2393 438 2462 patriarha
493 2393 773 2466 Sigvalda‚
819 2395 868 2449 ki
908 2397 961 2466 je
1003 2397 1142 2450 ΞίνεΙ
1186 2396 1265 2451 do
1321 2395 1686 2451 frankovskih
1744 2399 1935 2461 ἔθεον,
1954 2396 2000 2462 2)
2046 2394 2115 2447 da
2158 2393 2211 2447 bi
2256 2392 2329 2447 bil
2374 2410 2478 2463 po·

164 2482 321 2535 svetil
363 2483 443 2537 od
483 2484 595 2553 njih
637 2485 993 2555 izvoljenega
1034 2485 1213 2542 ἒκοίει.
1233 2489 1277 2554 3)
1344 2486 1431 2541 Ne
1493 2503 1614 2541 sme
1655 2503 1719 2541 se
1760 2485 2027 2555 pozabiti,
2071 2483 2142 2537 da
2184 2500 2252 2538 50
2285 2484 2478 2551 prosili

166 2570 550 2641 (mantovsko)
593 2574 804 2629 sinodo
864 2575 1176 2630 duhovniki
1219 2577 1272 2631 in
1315 2575 1714 2646 plemenitniki,
1773 2574 2037 2643 izvoljeni
2081 2572 2159 2628 od
2202 2573 2475 2642 istrskega

167 2659 556 2730 prebivalstva,
599 2663 671 2718 da
714 2665 768 2717 bi
823 2681 885 2719 se
939 2666 1177 2735 sedaj‚4)
1236 2666 1309 2721 ko
1354 2667 1479 2722 niso
1536 2669 1640 2720 νεᾰ
1697 2665 1817 2735 pod
1880 2664 2205 2719 sramotnim
2267 2662 2477 2732 grskim

164 2749 417 2817 jarm0m‚
475 2753 703 2807 zdruiili
747 2771 775 2806 z
819 2748 1083 2826 oglejsko
1147 2756 1413 2825 cerkvijO,
1475 2756 1553 2810 od
1613 2755 1798 2810 katere
1850 2771 1917 2808 50
1976 2753 2070 2807 bili
2129 2757 2192 2807 Ξε
2235 2769 2268 2806 ν
2311 2753 2477 2807 starih

165 2838 315 2892 casib
369 2842 595 2895 zavisni.
662 2842 814 2899 Rekli
876 2860 963 2912 so,
1024 2845 1095 2898 da
1137 2847 1355 2915 morajo
1419 2846 1541 2911 tisti,
1585 2844 1635 2898 ki
1682 2861 1749 2899 50
1805 2844 2067 2913 izvoljeni
2110 2843 2163 2897 in
2206 2843 2279 2913 jih
2321 2845 2373 2913 je
2416 2846 2477 2897 ἒε

163 2926 318 2981 treba
360 2932 638 2998 posvetiti,
698 2933 898 3000 priseei
956 2934 1242 2989 zvestobo
1302 2935 1514 3005 naJprej
1577 2936 1782 3004 svojim
1837 2933 2127 3002 (rimskim)
2190 2934 2479 3003 cesariem,

165 3020 358 3083 potem
398 3034 472 3086 pa
510 3022 572 3074 {e
613 3022 764 3090 grski
807 3023 1093 3091 stranki.5)
1161 3024 1318 3093 Tega
1361 3041 1434 3093 pa
1477 3041 1547 3078 ne
1590 3024 1777 3093 delajo
1822 3023 1956 3090 radi,
2001 3022 2098 3076 ker
2141 3039 2210 3076 ne
2253 3024 2473 3092 moreio

164 3102 342 3159 sluiiti
366 3107 568 3162 dvema
591 3111 981 3179 gospodoma.
1027 3111 1462 3183 [»Antiquorum
1486 3114 1671 3183 igitur
1704 3114 1960 3168 recitatis
1999 3113 2265 3179 historiis,
2306 3110 2477 3182 Aqui-

164 3191 334 3262 lejam
372 3197 662 3252 matricem
699 3216 926 3269 semper
947 3203 1003 3255 et
1026 3202 1381 3271 metropolim
1409 3203 1599 3271 fuisse
1639 3204 1976 3271 reperimus:
2023 3200 2260 3257 Graa'us
2284 3204 2475 3255 autem

159 3281 381 3348 plebem
422 3286 541 3355 ejus
592 3304 727 3354 esse,
770 3292 998 3346 omnino
1057 3293 1446 3362 comperimus.
1491 3291 1613 3347 Sed
1650 3294 1707 3346 et
1737 3292 1940 3362 populi
1993 3290 2276 3356 Polensis,
2330 3307 2477 3361 quae

166 3370 367 3426 civitas
422 3379 597 3443 caput
633 3381 718 3432 est
765 3379 1040 3447 Histriae,
1090 3383 1377 3437 decretum
1419 3383 1492 3436 ab
1535 3382 1793 3437 aniverso
1846 3381 1995 3436 clero
2038 3383 2093 3435 et
2132 3381 2334 3435 cuncto
2372 3397 2474 3449 po-

161 3458 301 3524 pulo
340 3463 569 3518 missum
609 3466 693 3520 ad
728 3466 1074 3539 Siguala'um
1117 3471 1512 3539 patrlarclzam
1561 3470 1997 3542 Aquilejensem,
2042 3472 2143 3541 oui
2179 3486 2357 3540 usque
2397 3472 2481 3525 aa

165 3545 510 3605 Francorum
550 3555 801 3622 tempora
845 3558 990 3625 vixit,
1035 3575 1216 3615 verum
1258 3564 1313 3615 et
1345 3562 1808 3631 probatissimum
1849 3561 2181 3626 invenimus,
2223 3562 2289 3613 ut
2335 3560 2474 3614 elec-

166 3637 283 3689 tum
333 3639 406 3692 ab
447 3641 528 3695 eis
566 3645 889 3713 episcopum
931 3649 1238 3704 ordinaret.
1283 3649 1404 3705 Sed
1442 3653 1498 3705 et
1536 3651 1601 3705 id
1637 3667 1749 3705 non
1792 3649 2182 3714 omittendum,
2226 3650 2385 3718 quod
2423 3652 2480 3703 et

167 3724 358 3781 clerici
394 3731 449 3781 et
483 3731 700 3787 nobiles
740 3749 804 3788 ex
846 3735 1011 3792 laicis
1073 3739 1202 3792 viris
1244 3740 1409 3795 electi
1447 3740 1521 3794 ab
1566 3740 1881 3795 Histriensi
1933 3739 2151 3809 populo
2210 3741 2472 3793 sanctam

352 3893 383 3942 ¹)
417 3889 513 3935 Cfr.
549 3891 630 3938 Gr.
665 3893 694 3946 1,
728 3896 785 3941 st.
820 3898 918 3942 144.

344 3966 380 4017 ²)
416 3964 514 4010 Cir.
549 3966 632 4013 Gr.
665 3967 695 4023 1,
728 3971 783 4015 st.
818 3971 917 4017 219.
955 3997 1007 4004 —
1043 3971 1257 4031 Oglejski
1303 3978 1503 4032 patriarh
1547 3977 1738 4034 Sigvald
1780 3977 1822 4034 ᾖε
1862 3977 2049 4034 ηειῇῑπὶε
2083 3977 2174 4022 leta
2207 3976 2307 4021 787.
2342 3977 2473 4021 umrl.
2538 3992 2546 4002 ‘

342 4043 376 4091 ³)
411 4037 507 4084 Cir.
543 4040 624 4086 Gr.
658 4041 689 4097 1,
723 4043 778 4089 st.
812 4045 899 4091 243
933 4058 960 4090 v
995 4046 1177 4102 opazki.

341 4116 376 4165 ⁴)
413 4113 614 4177 Νειητεέ
647 4116 736 4162 leta
772 4118 874 4164 82⁷.

342 4191 377 4239 5)
410 4187 609 4235 Νειηιῐεό
642 4191 704 4235 od
733 4191 869 4246 grute
903 4194 1072 4240 oblasti
1105 4197 1371 4243 zavisnemu
1404 4200 1717 4257 gradeskemu
1751 4201 2002 4258 patriarhu.
