<?xml version="1.0" encoding="UTF-8"?>
<!DOCTYPE html PUBLIC "-//W3C//DTD XHTML 1.0 Transitional//EN"
    "http://www.w3.org/TR/xhtml1/DTD/xhtml1-transitional.dtd">
<html xmlns="http://www.w3.org/1999/xhtml" xml:lang="en" lang="en">
 <head>
  <title>
</title>
<meta http-equiv="Content-Type" content="text/html;charset=utf-8" />
  <meta name='ocr-system' content='tesseract 3.04.00' />
  <meta name='ocr-capabilities' content='ocr_page ocr_carea ocr_par ocr_line ocrx_word'/>
</head>
<body>
  <div class='ocr_page' id='page_1' title='image "./gradivozazgodovi02kosmuoft_0250.png"; bbox 0 0 2762 4458; ppageno 0'>
   <div class='ocr_carea' id='block_1_1' title="bbox 348 234 2669 1471">
    <p class='ocr_par' dir='ltr' id='par_1_1' title="bbox 359 234 1750 300">
     <span class='ocr_line' id='line_1_1' title="bbox 359 234 1750 300; baseline 0 -8"><span class='ocrx_word' id='word_1_1' title='bbox 359 248 442 292; x_wconf 84' lang='lat'>162</span> <span class='ocrx_word' id='word_1_2' title='bbox 1292 234 1355 291; x_wconf 62' lang='lat' dir='ltr'>st.</span> <span class='ocrx_word' id='word_1_3' title='bbox 1378 247 1480 300; x_wconf 89' lang='lat'>215,</span> <span class='ocrx_word' id='word_1_4' title='bbox 1513 248 1614 300; x_wconf 84' lang='lat'>216,</span> <span class='ocrx_word' id='word_1_5' title='bbox 1649 249 1750 292; x_wconf 89' lang='lat'>217.</span> 
     </span>
    </p>

    <p class='ocr_par' dir='ltr' id='par_1_2' title="bbox 348 423 2669 1471">
     <span class='ocr_line' id='line_1_2' title="bbox 540 423 2669 494; baseline -0 -18"><span class='ocrx_word' id='word_1_6' title='bbox 540 427 788 494; x_wconf 82' lang='lat' dir='ltr'>Sequenti</span> <span class='ocrx_word' id='word_1_7' title='bbox 819 443 940 475; x_wconf 83' lang='lat' dir='ltr'>vero</span> <span class='ocrx_word' id='word_1_8' title='bbox 983 442 1122 474; x_wconf 91' lang='lat' dir='ltr'>anno</span> <span class='ocrx_word' id='word_1_9' title='bbox 1164 443 1344 474; x_wconf 89' lang='lat' dir='ltr'>mense</span> <span class='ocrx_word' id='word_1_10' title='bbox 1386 427 1545 474; x_wconf 89' lang='lat' dir='ltr'>madii</span> <span class='ocrx_word' id='word_1_11' title='bbox 1587 429 1710 475; x_wconf 90' lang='lat' dir='ltr'>item</span> <span class='ocrx_word' id='word_1_12' title='bbox 1753 423 2039 494; x_wconf 82' lang='lat' dir='ltr'>Sarraceni,</span> <span class='ocrx_word' id='word_1_13' title='bbox 2066 428 2093 475; x_wconf 82' lang='lat' dir='ltr'>a</span> <span class='ocrx_word' id='word_1_14' title='bbox 2122 426 2275 476; x_wconf 91' lang='lat' dir='ltr'>Creta</span> <span class='ocrx_word' id='word_1_15' title='bbox 2317 429 2486 476; x_wconf 91' lang='lat' dir='ltr'>insula</span> <span class='ocrx_word' id='word_1_16' title='bbox 2527 443 2669 493; x_wconf 88' lang='lat' dir='ltr'>egre-</span> 
     </span>
     <span class='ocr_line' id='line_1_3' title="bbox 355 502 2663 583; baseline 0 -19"><span class='ocrx_word' id='word_1_17' title='bbox 355 518 570 583; x_wconf 63' lang='lat' dir='ltr'>dientes,</span> <span class='ocrx_word' id='word_1_18' title='bbox 625 517 891 582; x_wconf 61' lang='lat' dir='ltr'>quasdam*</span> <span class='ocrx_word' id='word_1_19' title='bbox 941 515 1331 563; x_wconf 86' lang='lat' dir='ltr'>Dalmaciarum</span> <span class='ocrx_word' id='word_1_20' title='bbox 1389 516 1541 563; x_wconf 87' lang='lat' dir='ltr'>urbes</span> <span class='ocrx_word' id='word_1_21' title='bbox 1602 516 1908 580; x_wconf 88' lang='lat' dir='ltr'>depopulati</span> <span class='ocrx_word' id='word_1_22' title='bbox 1962 502 2099 583; x_wconf 46' lang='lat' dir='ltr'>s&#39;unt,</span> <span class='ocrx_word' id='word_1_23' title='bbox 2156 519 2452 583; x_wconf 84' lang='lat' dir='ltr'>pariterque</span> <span class='ocrx_word' id='word_1_24' title='bbox 2510 519 2663 565; x_wconf 89' lang='lat' dir='ltr'>etiam</span> 
     </span>
     <span class='ocr_line' id='line_1_4' title="bbox 355 604 2664 670; baseline 0 -17"><span class='ocrx_word' id='word_1_25' title='bbox 355 605 684 654; x_wconf 84' lang='lat' dir='ltr'>Braciensem</span> <span class='ocrx_word' id='word_1_26' title='bbox 728 605 963 653; x_wconf 90' lang='lat' dir='ltr'>eiusdem</span> <span class='ocrx_word' id='word_1_27' title='bbox 1005 606 1275 670; x_wconf 62' lang='lat' dir='ltr'>provincie</span> <span class='ocrx_word' id='word_1_28' title='bbox 1317 604 1500 652; x_wconf 89' lang='lat' dir='ltr'>urbem</span> <span class='ocrx_word' id='word_1_29' title='bbox 1557 606 1877 669; x_wconf 82' lang='lat' dir='ltr'>invaserunt3</span> <span class='ocrx_word' id='word_1_30' title='bbox 1919 605 2067 670; x_wconf 90' lang='lat' dir='ltr'>quod</span> <span class='ocrx_word' id='word_1_31' title='bbox 2107 621 2231 653; x_wconf 90' lang='lat' dir='ltr'>cum</span> <span class='ocrx_word' id='word_1_32' title='bbox 2284 604 2486 654; x_wconf 87' lang='lat' dir='ltr'>domno</span> <span class='ocrx_word' id='word_1_33' title='bbox 2530 604 2664 654; x_wconf 88' lang='lat' dir='ltr'>Urso</span> 
     </span>
     <span class='ocr_line' id='line_1_5' title="bbox 353 692 2664 759; baseline -0 -17"><span class='ocrx_word' id='word_1_34' title='bbox 353 696 471 743; x_wconf 93' lang='lat' dir='ltr'>duci</span> <span class='ocrx_word' id='word_1_35' title='bbox 515 694 892 742; x_wconf 87' lang='lat' dir='ltr'>denunciatum</span> <span class='ocrx_word' id='word_1_36' title='bbox 935 692 1084 750; x_wconf 90' lang='lat' dir='ltr'>foret,</span> <span class='ocrx_word' id='word_1_37' title='bbox 1127 708 1342 758; x_wconf 80' lang='lat' dir='ltr'>parvam</span> <span class='ocrx_word' id='word_1_38' title='bbox 1386 693 1679 741; x_wconf 90' lang='lat' dir='ltr'>naviculam</span> <span class='ocrx_word' id='word_1_39' title='bbox 1722 709 1843 741; x_wconf 89' lang='lat' dir='ltr'>cum</span> <span class='ocrx_word' id='word_1_40' title='bbox 1886 693 2310 759; x_wconf 91' lang='lat' dir='ltr'>quattuordecim</span> <span class='ocrx_word' id='word_1_41' title='bbox 2359 692 2664 742; x_wconf 83' lang='lat' dir='ltr'>hominibus</span> 
     </span>
     <span class='ocr_line' id='line_1_6' title="bbox 353 779 2664 849; baseline -0.001 -19"><span class='ocrx_word' id='word_1_42' title='bbox 353 784 416 830; x_wconf 88' lang='lat' dir='ltr'>ad</span> <span class='ocrx_word' id='word_1_43' title='bbox 460 782 659 831; x_wconf 86' lang='lat' dir='ltr'>Istriam</span> <span class='ocrx_word' id='word_1_44' title='bbox 703 799 869 849; x_wconf 90' lang='lat' dir='ltr'>usque</span> <span class='ocrx_word' id='word_1_45' title='bbox 911 782 1168 830; x_wconf 83' lang='lat' dir='ltr'>destinare</span> <span class='ocrx_word' id='word_1_46' title='bbox 1210 783 1307 830; x_wconf 91' lang='lat' dir='ltr'>sub</span> <span class='ocrx_word' id='word_1_47' title='bbox 1350 780 1688 830; x_wconf 84' lang='lat' dir='ltr'>festinacione</span> <span class='ocrx_word' id='word_1_48' title='bbox 1729 782 1944 849; x_wconf 80' lang='lat' dir='ltr'>studuit,</span> <span class='ocrx_word' id='word_1_49' title='bbox 1984 792 2244 848; x_wconf 87' lang='lat' dir='ltr'>quatenus</span> <span class='ocrx_word' id='word_1_50' title='bbox 2293 779 2558 830; x_wconf 89' lang='lat' dir='ltr'>Sarraceni</span> <span class='ocrx_word' id='word_1_51' title='bbox 2599 797 2664 829; x_wconf 91' lang='lat' dir='ltr'>ne</span> 
     </span>
     <span class='ocr_line' id='line_1_7' title="bbox 353 869 2664 936; baseline -0 -17"><span class='ocrx_word' id='word_1_52' title='bbox 353 870 484 920; x_wconf 86' lang='lat' dir='ltr'>forte</span> <span class='ocrx_word' id='word_1_53' title='bbox 527 871 808 920; x_wconf 87' lang='lat' dir='ltr'>Veneciam</span> <span class='ocrx_word' id='word_1_54' title='bbox 852 882 1024 936; x_wconf 91' lang='lat' dir='ltr'>petere</span> <span class='ocrx_word' id='word_1_55' title='bbox 1068 871 1273 932; x_wconf 82' lang='lat' dir='ltr'>vellent,</span> <span class='ocrx_word' id='word_1_56' title='bbox 1315 872 1394 918; x_wconf 80' lang='lat' dir='ltr'>vel</span> <span class='ocrx_word' id='word_1_57' title='bbox 1435 871 1603 936; x_wconf 86' lang='lat' dir='ltr'>qualis</span> <span class='ocrx_word' id='word_1_58' title='bbox 1639 886 1822 918; x_wconf 90' lang='lat' dir='ltr'>eorum</span> <span class='ocrx_word' id='word_1_59' title='bbox 1866 869 2120 920; x_wconf 83' lang='lat' dir='ltr'>fortitudo</span> <span class='ocrx_word' id='word_1_60' title='bbox 2161 872 2462 928; x_wconf 88' lang='lat' dir='ltr'>subsisteret</span> <span class='ocrx_word' id='word_1_61' title='bbox 2488 871 2664 935; x_wconf 88' lang='lat' dir='ltr'>explo-</span> 
     </span>
     <span class='ocr_line' id='line_1_8' title="bbox 350 958 2665 1026; baseline -0.001 -18"><span class='ocrx_word' id='word_1_62' title='bbox 350 976 459 1008; x_wconf 88' lang='lat' dir='ltr'>rare</span> <span class='ocrx_word' id='word_1_63' title='bbox 501 962 763 1011; x_wconf 85' lang='lat' dir='ltr'>deberent.</span> <span class='ocrx_word' id='word_1_64' title='bbox 808 962 898 1026; x_wconf 90' lang='lat' dir='ltr'>qui</span> <span class='ocrx_word' id='word_1_65' title='bbox 955 975 1077 1008; x_wconf 92' lang='lat' dir='ltr'>cum</span> <span class='ocrx_word' id='word_1_66' title='bbox 1121 958 1374 1008; x_wconf 88' lang='lat' dir='ltr'>Gradensi</span> <span class='ocrx_word' id='word_1_67' title='bbox 1417 960 1480 1006; x_wconf 91' lang='lat' dir='ltr'>de</span> <span class='ocrx_word' id='word_1_68' title='bbox 1522 961 1724 1007; x_wconf 87' lang='lat' dir='ltr'>civitate</span> <span class='ocrx_word' id='word_1_69' title='bbox 1767 959 1967 1008; x_wconf 86' lang='lat' dir='ltr'>Istriam</span> <span class='ocrx_word' id='word_1_70' title='bbox 2018 962 2227 1025; x_wconf 89' lang='lat' dir='ltr'>petituri</span> <span class='ocrx_word' id='word_1_71' title='bbox 2271 962 2507 1018; x_wconf 85' lang='lat' dir='ltr'>exissent,</span> <span class='ocrx_word' id='word_1_72' title='bbox 2549 973 2665 1024; x_wconf 89' lang='lat' dir='ltr'>pre-</span> 
     </span>
     <span class='ocr_line' id='line_1_9' title="bbox 350 1032 2663 1115; baseline -0.001 -18"><span class='ocrx_word' id='word_1_73' title='bbox 350 1032 515 1097; x_wconf 82' lang='lat' dir='ltr'>dones</span> <span class='ocrx_word' id='word_1_74' title='bbox 557 1048 722 1098; x_wconf 84' lang='lat' dir='ltr'>Sclavi</span> <span class='ocrx_word' id='word_1_75' title='bbox 782 1051 871 1115; x_wconf 90' lang='lat' dir='ltr'>qui</span> <span class='ocrx_word' id='word_1_76' title='bbox 917 1051 966 1096; x_wconf 93' lang='lat' dir='ltr'>in</span> <span class='ocrx_word' id='word_1_77' title='bbox 1011 1059 1166 1113; x_wconf 92' lang='lat' dir='ltr'>portu</span> <span class='ocrx_word' id='word_1_78' title='bbox 1211 1047 1449 1098; x_wconf 85' lang='lat' dir='ltr'>Silvoclis</span> <span class='ocrx_word' id='word_1_79' title='bbox 1492 1050 1676 1098; x_wconf 87' lang='lat' dir='ltr'>reclusi</span> <span class='ocrx_word' id='word_1_80' title='bbox 1718 1050 2003 1112; x_wconf 83' lang='lat' dir='ltr'>latitabant,</span> <span class='ocrx_word' id='word_1_81' title='bbox 2046 1064 2201 1114; x_wconf 90' lang='lat' dir='ltr'>supra</span> <span class='ocrx_word' id='word_1_82' title='bbox 2244 1048 2467 1097; x_wconf 89' lang='lat' dir='ltr'>eandem</span> <span class='ocrx_word' id='word_1_83' title='bbox 2522 1049 2663 1095; x_wconf 91' lang='lat' dir='ltr'>navi-</span> 
     </span>
     <span class='ocr_line' id='line_1_10' title="bbox 350 1136 2662 1204; baseline -0.001 -18"><span class='ocrx_word' id='word_1_84' title='bbox 350 1139 522 1187; x_wconf 89' lang='lat' dir='ltr'>culam</span> <span class='ocrx_word' id='word_1_85' title='bbox 565 1138 813 1186; x_wconf 84' lang='lat' dir='ltr'>velociter</span> <span class='ocrx_word' id='word_1_86' title='bbox 854 1141 1146 1203; x_wconf 84' lang='lat' dir='ltr'>irruerunt3</span> <span class='ocrx_word' id='word_1_87' title='bbox 1191 1138 1278 1185; x_wconf 91' lang='lat' dir='ltr'>ubi</span> <span class='ocrx_word' id='word_1_88' title='bbox 1307 1154 1427 1185; x_wconf 90' lang='lat' dir='ltr'>cum</span> <span class='ocrx_word' id='word_1_89' title='bbox 1462 1149 1680 1204; x_wconf 88' lang='lat' dir='ltr'>uterque</span> <span class='ocrx_word' id='word_1_90' title='bbox 1722 1153 1838 1202; x_wconf 87' lang='lat' dir='ltr'>pars</span> <span class='ocrx_word' id='word_1_91' title='bbox 1866 1136 2067 1186; x_wconf 87' lang='lat' dir='ltr'>fortiter</span> <span class='ocrx_word' id='word_1_92' title='bbox 2093 1138 2363 1186; x_wconf 81' lang='lat' dir='ltr'>dimicaret</span> <span class='ocrx_word' id='word_1_93' title='bbox 2403 1137 2662 1203; x_wconf 89' lang='lat' dir='ltr'>multique</span> 
     </span>
     <span class='ocr_line' id='line_1_11' title="bbox 348 1224 2662 1292; baseline -0.002 -16"><span class='ocrx_word' id='word_1_94' title='bbox 348 1226 655 1276; x_wconf 87' lang='lat' dir='ltr'>Sclavorum</span> <span class='ocrx_word' id='word_1_95' title='bbox 700 1229 929 1291; x_wconf 89' lang='lat' dir='ltr'>percussi</span> <span class='ocrx_word' id='word_1_96' title='bbox 973 1224 1267 1284; x_wconf 90' lang='lat' dir='ltr'>deficerent,</span> <span class='ocrx_word' id='word_1_97' title='bbox 1314 1228 1596 1275; x_wconf 87' lang='lat' dir='ltr'>novissime</span> <span class='ocrx_word' id='word_1_98' title='bbox 1638 1242 1761 1274; x_wconf 85' lang='lat' dir='ltr'>vero</span> <span class='ocrx_word' id='word_1_99' title='bbox 1792 1238 1939 1292; x_wconf 90' lang='lat' dir='ltr'>capta</span> <span class='ocrx_word' id='word_1_100' title='bbox 1966 1225 2339 1275; x_wconf 88' lang='lat' dir='ltr'>Veneticorum</span> <span class='ocrx_word' id='word_1_101' title='bbox 2372 1226 2434 1273; x_wconf 89' lang='lat' dir='ltr'>ab</span> <span class='ocrx_word' id='word_1_102' title='bbox 2463 1225 2662 1273; x_wconf 87' lang='lat' dir='ltr'>eisdem</span> 
     </span>
     <span class='ocr_line' id='line_1_12' title="bbox 349 1314 2659 1381; baseline -0.001 -17"><span class='ocrx_word' id='word_1_103' title='bbox 349 1314 542 1364; x_wconf 88' lang='lat' dir='ltr'>Sclavis</span> <span class='ocrx_word' id='word_1_104' title='bbox 586 1317 839 1377; x_wconf 80' lang='lat' dir='ltr'>navicula,</span> <span class='ocrx_word' id='word_1_105' title='bbox 885 1332 1072 1364; x_wconf 91' lang='lat' dir='ltr'>omnes</span> <span class='ocrx_word' id='word_1_106' title='bbox 1099 1314 1350 1373; x_wconf 85' lang='lat' dir='ltr'>Venetici,</span> <span class='ocrx_word' id='word_1_107' title='bbox 1395 1318 1505 1381; x_wconf 88' lang='lat' dir='ltr'>qui·</span> <span class='ocrx_word' id='word_1_108' title='bbox 1529 1318 1668 1364; x_wconf 90' lang='lat' dir='ltr'>intus</span> <span class='ocrx_word' id='word_1_109' title='bbox 1705 1326 1861 1370; x_wconf 88' lang='lat' dir='ltr'>erant,</span> <span class='ocrx_word' id='word_1_110' title='bbox 1894 1318 2049 1364; x_wconf 90' lang='lat' dir='ltr'>occisi</span> <span class='ocrx_word' id='word_1_111' title='bbox 2079 1326 2213 1366; x_wconf 89' lang='lat' dir='ltr'>sunt.</span> <span class='ocrx_word' id='word_1_112' title='bbox 2241 1315 2456 1380; x_wconf 90' lang='lat' dir='ltr'>predicti</span> <span class='ocrx_word' id='word_1_113' title='bbox 2483 1324 2659 1362; x_wconf 87' lang='lat' dir='ltr'>autem</span> 
     </span>
     <span class='ocr_line' id='line_1_13' title="bbox 349 1403 2658 1471; baseline -0.001 -18"><span class='ocrx_word' id='word_1_114' title='bbox 349 1404 628 1462; x_wconf 84' lang='lat' dir='ltr'>Sarraceni‚</span> <span class='ocrx_word' id='word_1_115' title='bbox 662 1406 878 1453; x_wconf 88' lang='lat' dir='ltr'>urbibus</span> <span class='ocrx_word' id='word_1_116' title='bbox 919 1421 1049 1471; x_wconf 88' lang='lat' dir='ltr'>quas</span> <span class='ocrx_word' id='word_1_117' title='bbox 1091 1404 1317 1452; x_wconf 77' lang='lat' dir='ltr'>diximus</span> <span class='ocrx_word' id='word_1_118' title='bbox 1359 1405 1654 1466; x_wconf 79' lang='lat' dir='ltr'>devastatis,</span> <span class='ocrx_word' id='word_1_119' title='bbox 1691 1421 1815 1453; x_wconf 92' lang='lat' dir='ltr'>cum</span> <span class='ocrx_word' id='word_1_120' title='bbox 1856 1405 2185 1453; x_wconf 89' lang='lat' dir='ltr'>inestimabili</span> <span class='ocrx_word' id='word_1_121' title='bbox 2229 1404 2388 1469; x_wconf 92' lang='lat' dir='ltr'>preda</span> <span class='ocrx_word' id='word_1_122' title='bbox 2430 1403 2494 1451; x_wconf 91' lang='lat' dir='ltr'>ad</span> <span class='ocrx_word' id='word_1_123' title='bbox 2536 1418 2658 1468; x_wconf 93' lang='lat' dir='ltr'>pro-</span> 
     </span>
    </p>
   </div>
   <div class='ocr_carea' id='block_1_2' title="bbox 346 1493 957 1558">
    <p class='ocr_par' dir='ltr' id='par_1_3' title="bbox 346 1493 957 1558">
     <span class='ocr_line' id='line_1_14' title="bbox 346 1493 957 1558; baseline 0.008 -18"><span class='ocrx_word' id='word_1_124' title='bbox 346 1494 512 1558; x_wconf 90' lang='lat' dir='ltr'>priam</span> <span class='ocrx_word' id='word_1_125' title='bbox 555 1505 677 1542; x_wconf 88' lang='lat' dir='ltr'>sunt</span> <span class='ocrx_word' id='word_1_126' title='bbox 717 1493 957 1544; x_wconf 68' lang='lat' dir='ltr'>reversi.“</span> 
     </span>
    </p>
   </div>
   <div class='ocr_carea' id='block_1_3' title="bbox 521 1571 2676 1666">
    <p class='ocr_par' dir='ltr' id='par_1_4' title="bbox 521 1571 2676 1666">
     <span class='ocr_line' id='line_1_15' title="bbox 521 1571 2676 1666; baseline 0.001 -19"><span class='ocrx_word' id='word_1_127' title='bbox 521 1597 777 1648; x_wconf 86' lang='lat' dir='ltr'>Danduli</span> <span class='ocrx_word' id='word_1_128' title='bbox 833 1597 1189 1664; x_wconf 84' lang='lat' dir='ltr'>Chronicon,</span> <span class='ocrx_word' id='word_1_129' title='bbox 1236 1598 1322 1648; x_wconf 91' lang='lat' dir='ltr'>lib.</span> <span class='ocrx_word' id='word_1_130' title='bbox 1359 1596 1494 1664; x_wconf 84' lang='lat' dir='ltr'>Vm,</span> <span class='ocrx_word' id='word_1_131' title='bbox 1535 1614 1575 1648; x_wconf 90' lang='lat' dir='ltr'>c.</span> <span class='ocrx_word' id='word_1_132' title='bbox 1617 1613 1662 1666; x_wconf 85' lang='lat'>5,</span> <span class='ocrx_word' id='word_1_133' title='bbox 1710 1613 1826 1663; x_wconf 90' lang='lat' dir='ltr'>pars</span> <span class='ocrx_word' id='word_1_134' title='bbox 1894 1614 1949 1662; x_wconf 88' lang='lat'>13</span> <span class='ocrx_word' id='word_1_135' title='bbox 2002 1597 2295 1664; x_wconf 77' lang='lat' dir='ltr'>(Muratori,</span> <span class='ocrx_word' id='word_1_136' title='bbox 2346 1596 2528 1663; x_wconf 87' lang='lat' dir='ltr'>Script.</span> <span class='ocrx_word' id='word_1_137' title='bbox 2561 1571 2676 1650; x_wconf 40' lang='lat' dir='ltr'>rer..</span> 
     </span>
    </p>
   </div>
   <div class='ocr_carea' id='block_1_4' title="bbox 343 1685 2658 1842">
    <p class='ocr_par' dir='ltr' id='par_1_5' title="bbox 343 1685 2658 1842">
     <span class='ocr_line' id='line_1_16' title="bbox 345 1685 2657 1753; baseline 0 -19"><span class='ocrx_word' id='word_1_138' title='bbox 345 1685 617 1753; x_wconf 83' lang='lat' dir='ltr'>Ital.,X11‚</span> <span class='ocrx_word' id='word_1_139' title='bbox 668 1687 817 1752; x_wconf 86' lang='lat'>184):</span> <span class='ocrx_word' id='word_1_140' title='bbox 865 1687 1016 1748; x_wconf 87' lang='lat' dir='ltr'>„Hoc</span> <span class='ocrx_word' id='word_1_141' title='bbox 1058 1698 1296 1752; x_wconf 90' lang='lat' dir='ltr'>tempore</span> <span class='ocrx_word' id='word_1_142' title='bbox 1340 1686 1502 1736; x_wconf 86' lang='lat' dir='ltr'>Ursus</span> <span class='ocrx_word' id='word_1_143' title='bbox 1543 1687 1649 1736; x_wconf 89' lang='lat' dir='ltr'>dux</span> <span class='ocrx_word' id='word_1_144' title='bbox 1697 1690 1869 1736; x_wconf 88' lang='lat' dir='ltr'>exiens</span> <span class='ocrx_word' id='word_1_145' title='bbox 1926 1703 2048 1736; x_wconf 90' lang='lat' dir='ltr'>cum</span> <span class='ocrx_word' id='word_1_146' title='bbox 2106 1687 2435 1753; x_wconf 81' lang='lat' dir='ltr'>expeditione</span> <span class='ocrx_word' id='word_1_147' title='bbox 2489 1687 2657 1736; x_wconf 85' lang='lat' dir='ltr'>navali</span> 
     </span>
     <span class='ocr_line' id='line_1_17' title="bbox 343 1774 2658 1842; baseline 0.001 -19"><span class='ocrx_word' id='word_1_148' title='bbox 343 1785 521 1823; x_wconf 90' lang='lat' dir='ltr'>contra</span> <span class='ocrx_word' id='word_1_149' title='bbox 563 1774 863 1834; x_wconf 87' lang='lat' dir='ltr'>Saracenos,</span> <span class='ocrx_word' id='word_1_150' title='bbox 906 1778 996 1842; x_wconf 89' lang='lat' dir='ltr'>qui</span> <span class='ocrx_word' id='word_1_151' title='bbox 1040 1778 1179 1824; x_wconf 89' lang='lat' dir='ltr'>iuxta</span> <span class='ocrx_word' id='word_1_152' title='bbox 1219 1774 1512 1824; x_wconf 88' lang='lat' dir='ltr'>Tarentum</span> <span class='ocrx_word' id='word_1_153' title='bbox 1555 1778 1853 1841; x_wconf 82' lang='lat' dir='ltr'>manebant,</span> <span class='ocrx_word' id='word_1_154' title='bbox 1894 1776 2088 1825; x_wconf 88' lang='lat' dir='ltr'>bellum</span> <span class='ocrx_word' id='word_1_155' title='bbox 2145 1792 2266 1825; x_wconf 91' lang='lat' dir='ltr'>cum</span> <span class='ocrx_word' id='word_1_156' title='bbox 2323 1778 2395 1824; x_wconf 90' lang='lat' dir='ltr'>eis</span> <span class='ocrx_word' id='word_1_157' title='bbox 2451 1778 2553 1841; x_wconf 89' lang='lat' dir='ltr'>egit</span> <span class='ocrx_word' id='word_1_158' title='bbox 2608 1786 2658 1825; x_wconf 88' lang='lat' dir='ltr'>et</span> 
     </span>
    </p>
   </div>
   <div class='ocr_carea' id='block_1_5' title="bbox 344 1846 2757 1931">
    <p class='ocr_par' dir='ltr' id='par_1_6' title="bbox 344 1846 2757 1931">
     <span class='ocr_line' id='line_1_18' title="bbox 344 1846 2757 1931; baseline 0.001 -20"><span class='ocrx_word' id='word_1_159' title='bbox 344 1866 615 1913; x_wconf 81' lang='lat' dir='ltr'>victoriam</span> <span class='ocrx_word' id='word_1_160' title='bbox 659 1865 943 1930; x_wconf 88' lang='lat' dir='ltr'>gloriosam</span> <span class='ocrx_word' id='word_1_161' title='bbox 989 1866 1231 1915; x_wconf 82' lang='lat' dir='ltr'>obtinuit.</span> <span class='ocrx_word' id='word_1_162' title='bbox 1273 1863 1406 1913; x_wconf 87' lang='lat' dir='ltr'>Barii</span> <span class='ocrx_word' id='word_1_163' title='bbox 1450 1880 1573 1913; x_wconf 81' lang='lat' dir='ltr'>vero</span> <span class='ocrx_word' id='word_1_164' title='bbox 1616 1867 1792 1914; x_wconf 85' lang='lat' dir='ltr'>civitas</span> <span class='ocrx_word' id='word_1_165' title='bbox 1834 1866 1896 1914; x_wconf 88' lang='lat' dir='ltr'>ab</span> <span class='ocrx_word' id='word_1_166' title='bbox 1940 1867 2163 1915; x_wconf 88' lang='lat' dir='ltr'>exercitu</span> <span class='ocrx_word' id='word_1_167' title='bbox 2206 1865 2463 1914; x_wconf 87' lang='lat' dir='ltr'>Ludovici</span> <span class='ocrx_word' id='word_1_168' title='bbox 2507 1875 2656 1931; x_wconf 86' lang='lat' dir='ltr'>capta</span> <span class='ocrx_word' id='word_1_169' title='bbox 2743 1846 2757 1863; x_wconf 52' lang='lat'>&#39;⁴</span> 
     </span>
    </p>
   </div>
   <div class='ocr_carea' id='block_1_6' title="bbox 338 1953 1375 2022">
    <p class='ocr_par' dir='ltr' id='par_1_7' title="bbox 338 1953 1375 2022">
     <span class='ocr_line' id='line_1_19' title="bbox 338 1953 1375 2022; baseline 0.001 -21"><span class='ocrx_word' id='word_1_170' title='bbox 338 1964 432 2022; x_wconf 80' lang='lat' dir='ltr'>est,</span> <span class='ocrx_word' id='word_1_171' title='bbox 473 1957 633 2020; x_wconf 78' lang='lat' dir='ltr'>quam</span> <span class='ocrx_word' id='word_1_172' title='bbox 678 1955 826 2002; x_wconf 88' lang='lat' dir='ltr'>annis</span> <span class='ocrx_word' id='word_1_173' title='bbox 866 1953 1016 2002; x_wconf 89' lang='lat' dir='ltr'>XXX</span> <span class='ocrx_word' id='word_1_174' title='bbox 1057 1961 1375 2006; x_wconf 63' lang='lat' dir='ltr'>tenuerant·</span> 
     </span>
    </p>
   </div>
   <div class='ocr_carea' id='block_1_7' title="bbox 339 2054 2652 2214">
    <p class='ocr_par' dir='ltr' id='par_1_8' title="bbox 339 2054 2652 2214">
     <span class='ocr_line' id='line_1_20' title="bbox 523 2054 2651 2126; baseline 0.001 -21"><span class='ocrx_word' id='word_1_175' title='bbox 523 2057 651 2110; x_wconf 84' lang='lat' dir='ltr'>Ibid.</span> <span class='ocrx_word' id='word_1_176' title='bbox 694 2073 811 2124; x_wconf 90' lang='lat' dir='ltr'>pars</span> <span class='ocrx_word' id='word_1_177' title='bbox 863 2072 923 2121; x_wconf 87' lang='lat'>¹4</span> <span class='ocrx_word' id='word_1_178' title='bbox 965 2055 1021 2126; x_wconf 89' lang='lat' dir='ltr'>(l.</span> <span class='ocrx_word' id='word_1_179' title='bbox 1065 2054 1160 2125; x_wconf 85' lang='lat' dir='ltr'>e.):</span> <span class='ocrx_word' id='word_1_180' title='bbox 1208 2057 1491 2125; x_wconf 87' lang='lat' dir='ltr'>„Sequenti</span> <span class='ocrx_word' id='word_1_181' title='bbox 1533 2075 1672 2108; x_wconf 90' lang='lat' dir='ltr'>anno</span> <span class='ocrx_word' id='word_1_182' title='bbox 1716 2058 1954 2108; x_wconf 87' lang='lat' dir='ltr'>Saraceni</span> <span class='ocrx_word' id='word_1_183' title='bbox 1997 2060 2060 2108; x_wconf 91' lang='lat' dir='ltr'>ab</span> <span class='ocrx_word' id='word_1_184' title='bbox 2103 2060 2271 2108; x_wconf 90' lang='lat' dir='ltr'>insula</span> <span class='ocrx_word' id='word_1_185' title='bbox 2297 2057 2482 2108; x_wconf 89' lang='lat' dir='ltr'>Cretae</span> <span class='ocrx_word' id='word_1_186' title='bbox 2511 2073 2651 2126; x_wconf 83' lang='lat' dir='ltr'>egre-</span> 
     </span>
     <span class='ocr_line' id='line_1_21' title="bbox 339 2146 2652 2214; baseline 0 -19"><span class='ocrx_word' id='word_1_187' title='bbox 339 2147 561 2210; x_wconf 88' lang='lat' dir='ltr'>dientes,</span> <span class='ocrx_word' id='word_1_188' title='bbox 616 2146 938 2196; x_wconf 88' lang='lat' dir='ltr'>Bratiensem</span> <span class='ocrx_word' id='word_1_189' title='bbox 994 2148 1177 2196; x_wconf 89' lang='lat' dir='ltr'>urbem</span> <span class='ocrx_word' id='word_1_190' title='bbox 1232 2159 1281 2196; x_wconf 88' lang='lat' dir='ltr'>et</span> <span class='ocrx_word' id='word_1_191' title='bbox 1337 2149 1460 2196; x_wconf 90' lang='lat' dir='ltr'>alias</span> <span class='ocrx_word' id='word_1_192' title='bbox 1514 2149 1743 2197; x_wconf 83' lang='lat' dir='ltr'>civitates</span> <span class='ocrx_word' id='word_1_193' title='bbox 1800 2147 2087 2197; x_wconf 89' lang='lat' dir='ltr'>Dalmatiae</span> <span class='ocrx_word' id='word_1_194' title='bbox 2140 2148 2447 2214; x_wconf 87' lang='lat' dir='ltr'>depopulati</span> <span class='ocrx_word' id='word_1_195' title='bbox 2500 2158 2652 2197; x_wconf 87' lang='lat' dir='ltr'>sunt:</span> 
     </span>
    </p>
   </div>
   <div class='ocr_carea' id='block_1_8' title="bbox 336 2236 2669 2304">
    <p class='ocr_par' dir='ltr' id='par_1_9' title="bbox 336 2236 2669 2304">
     <span class='ocr_line' id='line_1_22' title="bbox 336 2236 2669 2304; baseline 0.002 -19"><span class='ocrx_word' id='word_1_196' title='bbox 336 2238 486 2303; x_wconf 88' lang='lat' dir='ltr'>quod</span> <span class='ocrx_word' id='word_1_197' title='bbox 529 2237 635 2286; x_wconf 89' lang='lat' dir='ltr'>dux</span> <span class='ocrx_word' id='word_1_198' title='bbox 675 2239 841 2286; x_wconf 88' lang='lat' dir='ltr'>sciens</span> <span class='ocrx_word' id='word_1_199' title='bbox 883 2238 1286 2303; x_wconf 89' lang='lat' dir='ltr'>exploratoriam</span> <span class='ocrx_word' id='word_1_200' title='bbox 1330 2239 1471 2286; x_wconf 89' lang='lat' dir='ltr'>misit</span> <span class='ocrx_word' id='word_1_201' title='bbox 1511 2238 1823 2304; x_wconf 84' lang='lat' dir='ltr'>naviculam,</span> <span class='ocrx_word' id='word_1_202' title='bbox 1864 2254 1927 2285; x_wconf 93' lang='lat' dir='ltr'>ne</span> <span class='ocrx_word' id='word_1_203' title='bbox 1971 2236 2209 2287; x_wconf 89' lang='lat' dir='ltr'>Saraceni</span> <span class='ocrx_word' id='word_1_204' title='bbox 2247 2245 2311 2286; x_wconf 86' lang='lat' dir='ltr'>&#39;ex</span> <span class='ocrx_word' id='word_1_205' title='bbox 2365 2238 2669 2303; x_wconf 88' lang='lat' dir='ltr'>improviso.</span> 
     </span>
    </p>
   </div>
   <div class='ocr_carea' id='block_1_9' title="bbox 335 2324 2653 2483">
    <p class='ocr_par' dir='ltr' id='par_1_10' title="bbox 335 2324 2653 2483">
     <span class='ocr_line' id='line_1_23' title="bbox 335 2324 2653 2393; baseline 0 -19"><span class='ocrx_word' id='word_1_206' title='bbox 335 2324 469 2374; x_wconf 90' lang='lat' dir='ltr'>fines</span> <span class='ocrx_word' id='word_1_207' title='bbox 513 2325 840 2376; x_wconf 90' lang='lat' dir='ltr'>Venetorum</span> <span class='ocrx_word' id='word_1_208' title='bbox 883 2328 1146 2378; x_wconf 89' lang='lat' dir='ltr'>intrarent.</span> <span class='ocrx_word' id='word_1_209' title='bbox 1207 2324 1358 2385; x_wconf 91' lang='lat' dir='ltr'>Quae</span> <span class='ocrx_word' id='word_1_210' title='bbox 1401 2342 1522 2375; x_wconf 91' lang='lat' dir='ltr'>cum</span> <span class='ocrx_word' id='word_1_211' title='bbox 1575 2327 1638 2375; x_wconf 91' lang='lat' dir='ltr'>de</span> <span class='ocrx_word' id='word_1_212' title='bbox 1681 2325 1856 2376; x_wconf 80' lang='lat' dir='ltr'>Grado</span> <span class='ocrx_word' id='word_1_213' title='bbox 1915 2329 1966 2374; x_wconf 91' lang='lat' dir='ltr'>in</span> <span class='ocrx_word' id='word_1_214' title='bbox 2027 2325 2227 2375; x_wconf 90' lang='lat' dir='ltr'>Istriam</span> <span class='ocrx_word' id='word_1_215' title='bbox 2289 2329 2567 2393; x_wconf 84' lang='lat' dir='ltr'>navigaret,</span> <span class='ocrx_word' id='word_1_216' title='bbox 2625 2341 2653 2375; x_wconf 89' lang='lat' dir='ltr'>a</span> 
     </span>
     <span class='ocr_line' id='line_1_24' title="bbox 337 2414 2652 2483; baseline 0 -21"><span class='ocrx_word' id='word_1_217' title='bbox 337 2417 516 2480; x_wconf 90' lang='lat' dir='ltr'>piratis</span> <span class='ocrx_word' id='word_1_218' title='bbox 559 2414 771 2481; x_wconf 81' lang='lat' dir='ltr'>Sclavis‚</span> <span class='ocrx_word' id='word_1_219' title='bbox 813 2417 903 2482; x_wconf 91' lang='lat' dir='ltr'>qui</span> <span class='ocrx_word' id='word_1_220' title='bbox 948 2417 996 2463; x_wconf 90' lang='lat' dir='ltr'>in</span> <span class='ocrx_word' id='word_1_221' title='bbox 1042 2426 1198 2480; x_wconf 87' lang='lat' dir='ltr'>portu</span> <span class='ocrx_word' id='word_1_222' title='bbox 1241 2414 1496 2483; x_wconf 89' lang='lat' dir='ltr'>Sylvoclis</span> <span class='ocrx_word' id='word_1_223' title='bbox 1537 2416 1821 2483; x_wconf 66' lang='lat' dir='ltr'>latitabant,</span> <span class='ocrx_word' id='word_1_224' title='bbox 1862 2427 2009 2482; x_wconf 92' lang='lat' dir='ltr'>capta</span> <span class='ocrx_word' id='word_1_225' title='bbox 2052 2427 2143 2474; x_wconf 89' lang='lat' dir='ltr'>est,</span> <span class='ocrx_word' id='word_1_226' title='bbox 2188 2427 2236 2465; x_wconf 91' lang='lat' dir='ltr'>et</span> <span class='ocrx_word' id='word_1_227' title='bbox 2270 2415 2452 2465; x_wconf 89' lang='lat' dir='ltr'>Veneti</span> <span class='ocrx_word' id='word_1_228' title='bbox 2495 2416 2652 2465; x_wconf 86' lang='lat' dir='ltr'>occisi</span> 
     </span>
    </p>
   </div>
   <div class='ocr_carea' id='block_1_10' title="bbox 336 2502 1038 2571">
    <p class='ocr_par' dir='ltr' id='par_1_11' title="bbox 336 2502 1038 2571">
     <span class='ocr_line' id='line_1_25' title="bbox 336 2502 1038 2571; baseline 0 -19"><span class='ocrx_word' id='word_1_229' title='bbox 336 2514 474 2570; x_wconf 71' lang='lat' dir='ltr'>sunt,</span> <span class='ocrx_word' id='word_1_230' title='bbox 517 2507 607 2571; x_wconf 89' lang='lat' dir='ltr'>qui</span> <span class='ocrx_word' id='word_1_231' title='bbox 650 2506 701 2552; x_wconf 89' lang='lat' dir='ltr'>in</span> <span class='ocrx_word' id='word_1_232' title='bbox 744 2521 801 2552; x_wconf 90' lang='lat' dir='ltr'>ea</span> <span class='ocrx_word' id='word_1_233' title='bbox 844 2502 1038 2557; x_wconf 83' lang='lat' dir='ltr'>erant.“</span> 
     </span>
    </p>
   </div>
   <div class='ocr_carea' id='block_1_11' title="bbox 1338 2611 1662 2698">
    <p class='ocr_par' dir='ltr' id='par_1_12' title="bbox 1338 2611 1662 2698">
     <span class='ocr_line' id='line_1_26' title="bbox 1338 2611 1662 2698; baseline -0.009 -1"><span class='ocrx_word' id='word_1_234' title='bbox 1338 2611 1448 2697; x_wconf 74' lang='lat' dir='ltr'>St.</span> <span class='ocrx_word' id='word_1_235' title='bbox 1505 2629 1662 2698; x_wconf 85' lang='lat'><strong>216.</strong></span> 
     </span>
    </p>
   </div>
   <div class='ocr_carea' id='block_1_12' title="bbox 516 2768 2650 2929">
    <p class='ocr_par' dir='ltr' id='par_1_13' title="bbox 516 2768 2650 2929">
     <span class='ocr_line' id='line_1_27' title="bbox 516 2768 1469 2826; baseline 0.001 -3"><span class='ocrx_word' id='word_1_236' title='bbox 516 2768 822 2825; x_wconf 80' lang='lat' dir='ltr'>Morebiti</span> <span class='ocrx_word' id='word_1_237' title='bbox 867 2770 955 2826; x_wconf 92' lang='lat' dir='ltr'>od</span> <span class='ocrx_word' id='word_1_238' title='bbox 999 2771 1145 2825; x_wconf 90' lang='grc'><strong>872.</strong></span> <span class='ocrx_word' id='word_1_239' title='bbox 1189 2770 1278 2826; x_wconf 92' lang='lat' dir='ltr'>do</span> <span class='ocrx_word' id='word_1_240' title='bbox 1322 2770 1469 2825; x_wconf 89' lang='grc'><strong>875.</strong></span> 
     </span>
     <span class='ocr_line' id='line_1_28' title="bbox 517 2857 2650 2929; baseline -0 -17"><span class='ocrx_word' id='word_1_241' title='bbox 517 2857 775 2928; x_wconf 79' lang='lat' dir='ltr'>OglejSki</span> <span class='ocrx_word' id='word_1_242' title='bbox 832 2859 1071 2928; x_wconf 83' lang='lat' dir='ltr'>patriarh</span> <span class='ocrx_word' id='word_1_243' title='bbox 1116 2859 1274 2929; x_wconf 90' lang='lat' dir='ltr'>Lup</span> <span class='ocrx_word' id='word_1_244' title='bbox 1301 2875 1395 2914; x_wconf 89' lang='lat' dir='ltr'>on</span> <span class='ocrx_word' id='word_1_245' title='bbox 1439 2859 1518 2926; x_wconf 86' lang='lat'><em>(1.)</em></span> <span class='ocrx_word' id='word_1_246' title='bbox 1558 2860 1611 2929; x_wconf 85' lang='lat' dir='ltr'>je</span> <span class='ocrx_word' id='word_1_247' title='bbox 1654 2860 1831 2914; x_wconf 83' lang='lat' dir='ltr'>vladal</span> <span class='ocrx_word' id='word_1_248' title='bbox 1887 2860 1948 2913; x_wconf 86' lang='lat' dir='ltr'>tri</span> <span class='ocrx_word' id='word_1_249' title='bbox 2005 2860 2125 2914; x_wconf 87' lang='lat' dir='ltr'>leta.</span> <span class='ocrx_word' id='word_1_250' title='bbox 2184 2859 2437 2914; x_wconf 85' lang='lat' dir='ltr'>Takratni</span> <span class='ocrx_word' id='word_1_251' title='bbox 2494 2873 2650 2913; x_wconf 85' lang='lat' dir='ltr'>cesar</span> 
     </span>
    </p>
   </div>
   <div class='ocr_carea' id='block_1_13' title="bbox 337 2946 1307 3017">
    <p class='ocr_par' dir='ltr' id='par_1_14' title="bbox 337 2946 1307 3017">
     <span class='ocr_line' id='line_1_29' title="bbox 337 2946 1307 3017; baseline 0.002 -18"><span class='ocrx_word' id='word_1_252' title='bbox 337 2946 596 3001; x_wconf 89' lang='lat' dir='ltr'>Ludovik</span> <span class='ocrx_word' id='word_1_253' title='bbox 638 2964 732 3002; x_wconf 87' lang='lat' dir='ltr'>mu</span> <span class='ocrx_word' id='word_1_254' title='bbox 772 2949 825 3017; x_wconf 85' lang='lat' dir='ltr'>je</span> <span class='ocrx_word' id='word_1_255' title='bbox 869 2948 943 3002; x_wconf 87' lang='lat' dir='ltr'>bil</span> <span class='ocrx_word' id='word_1_256' title='bbox 987 2949 1307 3017; x_wconf 83' lang='lat' dir='ltr'>naklonjen.</span> 
     </span>
    </p>
   </div>
   <div class='ocr_carea' id='block_1_14' title="bbox 332 3053 2644 3211">
    <p class='ocr_par' dir='ltr' id='par_1_15' title="bbox 332 3053 2644 3211">
     <span class='ocr_line' id='line_1_30' title="bbox 439 3053 2644 3125; baseline 0.001 -22"><span class='ocrx_word' id='word_1_257' title='bbox 439 3070 443 3074; x_wconf 54' lang='lat'><strong><em>⁴</em></strong></span> <span class='ocrx_word' id='word_1_258' title='bbox 512 3053 852 3125; x_wconf 76' lang='lat' dir='ltr'>Chronieon</span> <span class='ocrx_word' id='word_1_259' title='bbox 906 3061 1054 3118; x_wconf 88' lang='lat' dir='ltr'>patr.</span> <span class='ocrx_word' id='word_1_260' title='bbox 1096 3056 1289 3119; x_wconf 90' lang='lat' dir='ltr'>Aquil.</span> <span class='ocrx_word' id='word_1_261' title='bbox 1331 3058 1582 3105; x_wconf 86' lang='lat' dir='ltr'>alterum</span> <span class='ocrx_word' id='word_1_262' title='bbox 1623 3055 1855 3124; x_wconf 87' lang='lat' dir='ltr'>(Rubeis,</span> <span class='ocrx_word' id='word_1_263' title='bbox 1913 3055 2059 3108; x_wconf 88' lang='lat' dir='ltr'>Mon.</span> <span class='ocrx_word' id='word_1_264' title='bbox 2103 3056 2223 3106; x_wconf 90' lang='lat' dir='ltr'>eccl.</span> <span class='ocrx_word' id='word_1_265' title='bbox 2253 3055 2443 3122; x_wconf 74' lang='lat' dir='ltr'>Aquil.,</span> <span class='ocrx_word' id='word_1_266' title='bbox 2485 3057 2644 3119; x_wconf 69' lang='lat' dir='ltr'>App„</span> 
     </span>
     <span class='ocr_line' id='line_1_31' title="bbox 332 3140 2643 3211; baseline -0.003 -15"><span class='ocrx_word' id='word_1_267' title='bbox 332 3140 531 3211; x_wconf 86' lang='lat' dir='ltr'>p.1o):</span> <span class='ocrx_word' id='word_1_268' title='bbox 590 3144 805 3208; x_wconf 88' lang='lat' dir='ltr'>„Lupus</span> <span class='ocrx_word' id='word_1_269' title='bbox 860 3142 1148 3209; x_wconf 87' lang='lat' dir='ltr'>patriarcha</span> <span class='ocrx_word' id='word_1_270' title='bbox 1204 3144 1336 3192; x_wconf 88' lang='lat' dir='ltr'>sedit</span> <span class='ocrx_word' id='word_1_271' title='bbox 1391 3147 1538 3192; x_wconf 89' lang='lat' dir='ltr'>annis</span> <span class='ocrx_word' id='word_1_272' title='bbox 1591 3144 1671 3197; x_wconf 89' lang='grc' dir='ltr'><strong>ΙΙΙ.</strong></span> <span class='ocrx_word' id='word_1_273' title='bbox 1715 3145 1815 3194; x_wconf 90' lang='lat' dir='ltr'>Hic</span> <span class='ocrx_word' id='word_1_274' title='bbox 1864 3161 1891 3194; x_wconf 92' lang='lat' dir='ltr'>a</span> <span class='ocrx_word' id='word_1_275' title='bbox 1938 3145 2205 3211; x_wconf 90' lang='lat' dir='ltr'>praedicto</span> <span class='ocrx_word' id='word_1_276' title='bbox 2263 3144 2534 3194; x_wconf 85' lang='lat' dir='ltr'>Lodovico</span> <span class='ocrx_word' id='word_1_277' title='bbox 2593 3145 2643 3191; x_wconf 88' lang='lat' dir='ltr'>in</span> 
     </span>
    </p>
   </div>
   <div class='ocr_carea' id='block_1_15' title="bbox 331 3230 1276 3297">
    <p class='ocr_par' dir='ltr' id='par_1_16' title="bbox 331 3230 1276 3297">
     <span class='ocr_line' id='line_1_32' title="bbox 331 3230 1276 3297; baseline 0.002 -17"><span class='ocrx_word' id='word_1_278' title='bbox 331 3234 658 3297; x_wconf 89' lang='lat' dir='ltr'>protectione</span> <span class='ocrx_word' id='word_1_279' title='bbox 700 3248 794 3281; x_wconf 88' lang='lat' dir='ltr'>sua</span> <span class='ocrx_word' id='word_1_280' title='bbox 835 3243 1108 3297; x_wconf 89' lang='lat' dir='ltr'>susceptus</span> <span class='ocrx_word' id='word_1_281' title='bbox 1150 3230 1276 3286; x_wconf 85' lang='lat' dir='ltr'>est.“</span> 
     </span>
    </p>
   </div>
   <div class='ocr_carea' id='block_1_16' title="bbox 1331 3385 1647 3469">
    <p class='ocr_par' dir='ltr' id='par_1_17' title="bbox 1331 3385 1647 3469">
     <span class='ocr_line' id='line_1_33' title="bbox 1331 3385 1647 3469; baseline -0.022 0"><span class='ocrx_word' id='word_1_282' title='bbox 1331 3385 1441 3469; x_wconf 71' lang='lat' dir='ltr'>st.</span> <span class='ocrx_word' id='word_1_283' title='bbox 1496 3402 1647 3469; x_wconf 87' lang='lat'>217.</span> 
     </span>
    </p>
   </div>
   <div class='ocr_carea' id='block_1_17' title="bbox 511 3528 2642 3689">
    <p class='ocr_par' dir='ltr' id='par_1_18' title="bbox 511 3528 2642 3689">
     <span class='ocr_line' id='line_1_34' title="bbox 511 3528 1331 3598; baseline -0.001 -16"><span class='ocrx_word' id='word_1_284' title='bbox 511 3528 658 3595; x_wconf 85' lang='lat'>873,</span> <span class='ocrx_word' id='word_1_285' title='bbox 701 3528 863 3597; x_wconf 85' lang='lat' dir='ltr'>pred</span> <span class='ocrx_word' id='word_1_286' title='bbox 910 3529 1002 3582; x_wconf 90' lang='grc'>14.</span> <span class='ocrx_word' id='word_1_287' title='bbox 1033 3528 1331 3598; x_wconf 81' lang='lat' dir='ltr'>majem.¹)</span> 
     </span>
     <span class='ocr_line' id='line_1_35' title="bbox 511 3616 2642 3689; baseline 0.001 -18"><span class='ocrx_word' id='word_1_288' title='bbox 511 3619 568 3685; x_wconf 86' lang='lat' dir='ltr'>a)</span> <span class='ocrx_word' id='word_1_289' title='bbox 615 3618 799 3686; x_wconf 68' lang='lat' dir='ltr'>Papa}</span> <span class='ocrx_word' id='word_1_290' title='bbox 843 3618 970 3672; x_wconf 91' lang='lat' dir='ltr'>lvan</span> <span class='ocrx_word' id='word_1_291' title='bbox 1000 3616 1127 3672; x_wconf 88' lang='lat' dir='ltr'>Vlll.</span> <span class='ocrx_word' id='word_1_292' title='bbox 1160 3619 1283 3686; x_wconf 73' lang='lat' dir='ltr'>pise</span> <span class='ocrx_word' id='word_1_293' title='bbox 1312 3617 1706 3687; x_wconf 85' lang='lat' dir='ltr'>(jakinskemu&gt;</span> <span class='ocrx_word' id='word_1_294' title='bbox 1736 3619 1904 3673; x_wconf 74' lang='lat' dir='ltr'>skofu</span> <span class='ocrx_word' id='word_1_295' title='bbox 1935 3618 2124 3686; x_wconf 80' lang='lat' dir='ltr'>Pavlu‚</span> <span class='ocrx_word' id='word_1_296' title='bbox 2153 3622 2414 3689; x_wconf 87' lang='lat' dir='ltr'>svojemu</span> <span class='ocrx_word' id='word_1_297' title='bbox 2457 3620 2642 3688; x_wconf 80' lang='lat' dir='ltr'>legatu</span> 
     </span>
    </p>
   </div>
   <div class='ocr_carea' id='block_1_18' title="bbox 2751 2301 2762 2539">
    <p class='ocr_par' dir='ltr' id='par_1_19' title="bbox 2751 2301 2762 2539">
     <span class='ocr_line' id='line_1_36' title="bbox 2751 2301 2762 2539; baseline 0 1919"><span class='ocrx_word' id='word_1_298' title='bbox 2751 2301 2762 2539; x_wconf 95' lang='lat' dir='ltr'> </span> 
     </span>
    </p>
   </div>
   <div class='ocr_carea' id='block_1_19' title="bbox 2739 2459 2746 2550">
    <p class='ocr_par' dir='ltr' id='par_1_20' title="bbox 2739 2459 2746 2550">
     <span class='ocr_line' id='line_1_37' title="bbox 2739 2459 2745 2467; baseline 0 0"><span class='ocrx_word' id='word_1_299' title='bbox 2739 2459 2745 2467; x_wconf 66' lang='grc' dir='ltr'>ι</span> 
     </span>
     <span class='ocr_line' id='line_1_38' title="bbox 2739 2488 2746 2499; baseline 0 0"><span class='ocrx_word' id='word_1_300' title='bbox 2739 2488 2746 2499; x_wconf 76' lang='grc' dir='ltr'><strong><em>ι</em></strong></span> 
     </span>
     <span class='ocr_line' id='line_1_39' title="bbox 2739 2540 2746 2550; baseline 0 0"><span class='ocrx_word' id='word_1_301' title='bbox 2739 2540 2746 2550; x_wconf 71' lang='grc' dir='ltr'><strong><em>ι</em></strong></span> 
     </span>
    </p>
   </div>
   <div class='ocr_carea' id='block_1_20' title="bbox 2711 2630 2762 3327">
    <p class='ocr_par' dir='ltr' id='par_1_21' title="bbox 2711 2630 2762 3327">
     <span class='ocr_line' id='line_1_40' title="bbox 2736 2630 2762 2804; baseline 0 -1"><span class='ocrx_word' id='word_1_302' title='bbox 2736 2630 2762 2804; x_wconf 70' lang='lat'>³}</span> 
     </span>
     <span class='ocr_line' id='line_1_41' title="bbox 2711 3013 2753 3327; baseline 0 0"><span class='ocrx_word' id='word_1_303' title='bbox 2711 3013 2753 3327; x_wconf 57' lang='lat' dir='ltr'>I</span> 
     </span>
    </p>
   </div>
   <div class='ocr_carea' id='block_1_21' title="bbox 334 3706 2643 3779">
    <p class='ocr_par' dir='ltr' id='par_1_22' title="bbox 334 3706 2762 3800">
     <span class='ocr_line' id='line_1_42' title="bbox 334 3706 2643 3779; baseline 0.004 -22"><span class='ocrx_word' id='word_1_304' title='bbox 334 3723 367 3757; x_wconf 87' lang='grc' dir='ltr'><strong><em>ν</em></strong></span> <span class='ocrx_word' id='word_1_305' title='bbox 410 3706 713 3775; x_wconf 82' lang='lat' dir='ltr'>Germaniji</span> <span class='ocrx_word' id='word_1_306' title='bbox 773 3708 825 3759; x_wconf 89' lang='lat' dir='ltr'>in</span> <span class='ocrx_word' id='word_1_307' title='bbox 881 3707 1153 3774; x_wconf 74' lang='lat' dir='ltr'>PanoniJI,</span> <span class='ocrx_word' id='word_1_308' title='bbox 1196 3711 1275 3760; x_wconf 86' lang='lat' dir='ltr'>ter</span> <span class='ocrx_word' id='word_1_309' title='bbox 1317 3722 1410 3760; x_wconf 88' lang='lat' dir='ltr'>mu</span> <span class='ocrx_word' id='word_1_310' title='bbox 1453 3708 1650 3761; x_wconf 85' lang='lat' dir='ltr'>veleva</span> <span class='ocrx_word' id='word_1_311' title='bbox 1710 3708 1902 3763; x_wconf 85' lang='lat' dir='ltr'>braniti</span> <span class='ocrx_word' id='word_1_312' title='bbox 1968 3710 2050 3778; x_wconf 87' lang='lat' dir='ltr'>pri</span> <span class='ocrx_word' id='word_1_313' title='bbox 2113 3708 2284 3779; x_wconf 85' lang='lat' dir='ltr'>kralju</span> <span class='ocrx_word' id='word_1_314' title='bbox 2346 3709 2643 3766; x_wconf 89' lang='lat' dir='ltr'>Ludoviku</span> 
     </span>
    </p>
   </div>
   <div class='ocr_carea' id='block_1_22' title="bbox 334 3794 2762 3868">
    <p class='ocr_par' dir='ltr' id='par_1_23' title="bbox 334 3790 2762 3868">
     <span class='ocr_line' id='line_1_43' title="bbox 334 3794 2762 3868; baseline 0.001 -22"><span class='ocrx_word' id='word_1_315' title='bbox 334 3795 556 3861; x_wconf 87' lang='lat' dir='ltr'>pravice</span> <span class='ocrx_word' id='word_1_316' title='bbox 601 3794 803 3848; x_wconf 86' lang='lat' dir='ltr'>rimske</span> <span class='ocrx_word' id='word_1_317' title='bbox 846 3795 1041 3849; x_wconf 87' lang='lat' dir='ltr'>stolice</span> <span class='ocrx_word' id='word_1_318' title='bbox 1085 3795 1254 3863; x_wconf 81' lang='lat' dir='ltr'>glede&#39;</span> <span class='ocrx_word' id='word_1_319' title='bbox 1298 3796 1597 3863; x_wconf 86' lang='lat' dir='ltr'>panonske</span> <span class='ocrx_word' id='word_1_320' title='bbox 1640 3796 1858 3866; x_wconf 73' lang='lat' dir='ltr'>skofije‚</span> <span class='ocrx_word' id='word_1_321' title='bbox 1922 3798 2106 3853; x_wconf 84' lang='lat' dir='ltr'>katera</span> <span class='ocrx_word' id='word_1_322' title='bbox 2157 3800 2209 3868; x_wconf 88' lang='lat' dir='ltr'>je</span> <span class='ocrx_word' id='word_1_323' title='bbox 2271 3799 2379 3853; x_wconf 87' lang='lat' dir='ltr'>bila</span> <span class='ocrx_word' id='word_1_324' title='bbox 2437 3799 2637 3868; x_wconf 84' lang='lat' dir='ltr'>nekdaj</span> <span class='ocrx_word' id='word_1_325' title='bbox 2761 3807 2762 3810; x_wconf 73' lang='grc'>’</span> 
     </span>
    </p>
   </div>
   <div class='ocr_carea' id='block_1_23' title="bbox 332 3883 2639 3957">
    <p class='ocr_par' dir='ltr' id='par_1_24' title="bbox 332 3883 2639 3957">
     <span class='ocr_line' id='line_1_44' title="bbox 332 3883 2639 3957; baseline 0.002 -22"><span class='ocrx_word' id='word_1_326' title='bbox 332 3883 555 3936; x_wconf 88' lang='lat' dir='ltr'>zavisna</span> <span class='ocrx_word' id='word_1_327' title='bbox 600 3884 677 3936; x_wconf 90' lang='lat' dir='ltr'>od</span> <span class='ocrx_word' id='word_1_328' title='bbox 722 3884 924 3937; x_wconf 84' lang='lat' dir='ltr'>rimske</span> <span class='ocrx_word' id='word_1_329' title='bbox 967 3883 1189 3950; x_wconf 85' lang='lat' dir='ltr'>cerkve,</span> <span class='ocrx_word' id='word_1_330' title='bbox 1231 3901 1265 3938; x_wconf 90' lang='lat' dir='ltr'>a</span> <span class='ocrx_word' id='word_1_331' title='bbox 1300 3885 1358 3954; x_wconf 81' lang='lat' dir='ltr'>io</span> <span class='ocrx_word' id='word_1_332' title='bbox 1407 3886 1459 3953; x_wconf 82' lang='lat' dir='ltr'>je</span> <span class='ocrx_word' id='word_1_333' title='bbox 1513 3887 1758 3955; x_wconf 83' lang='lat' dir='ltr'>pozneje</span> <span class='ocrx_word' id='word_1_334' title='bbox 1802 3886 1895 3956; x_wconf 31' lang='lat' dir='ltr'>‚od</span> <span class='ocrx_word' id='word_1_335' title='bbox 1959 3888 2047 3956; x_wconf 87' lang='lat' dir='ltr'>nje</span> <span class='ocrx_word' id='word_1_336' title='bbox 2103 3887 2323 3957; x_wconf 82' lang='lat' dir='ltr'>odtrgal</span> <span class='ocrx_word' id='word_1_337' title='bbox 2381 3887 2639 3942; x_wconf 61' lang='lat' dir='ltr'>sovraini</span> 
     </span>
    </p>
   </div>
   <div class='ocr_carea' id='block_1_24' title="bbox 329 4046 2636 4179">
    <p class='ocr_par' dir='ltr' id='par_1_25' title="bbox 329 4046 2636 4179">
     <span class='ocr_line' id='line_1_45' title="bbox 513 4046 2636 4106; baseline 0.002 -17"><span class='ocrx_word' id='word_1_338' title='bbox 513 4048 544 4098; x_wconf 84' lang='lat'>1)</span> <span class='ocrx_word' id='word_1_339' title='bbox 580 4046 736 4102; x_wconf 63' lang='lat' dir='ltr'>Papa}</span> <span class='ocrx_word' id='word_1_340' title='bbox 770 4046 878 4091; x_wconf 91' lang='lat' dir='ltr'>Ivan</span> <span class='ocrx_word' id='word_1_341' title='bbox 912 4047 1024 4092; x_wconf 89' lang='lat' dir='ltr'>VIII.</span> <span class='ocrx_word' id='word_1_342' title='bbox 1057 4047 1099 4104; x_wconf 82' lang='lat' dir='ltr'>je</span> <span class='ocrx_word' id='word_1_343' title='bbox 1134 4047 1209 4091; x_wconf 88' lang='lat' dir='ltr'>dal</span> <span class='ocrx_word' id='word_1_344' title='bbox 1242 4049 1287 4091; x_wconf 88' lang='lat' dir='ltr'>te</span> <span class='ocrx_word' id='word_1_345' title='bbox 1319 4047 1466 4092; x_wconf 87' lang='lat' dir='ltr'>ukaze</span> <span class='ocrx_word' id='word_1_346' title='bbox 1507 4047 1801 4104; x_wconf 80' lang='lat' dir='ltr'>jakinskemu</span> <span class='ocrx_word' id='word_1_347' title='bbox 1836 4048 1974 4093; x_wconf 69' lang='lat' dir='ltr'>skofu</span> <span class='ocrx_word' id='word_1_348' title='bbox 2009 4049 2157 4094; x_wconf 89' lang='lat' dir='ltr'>Pavlu</span> <span class='ocrx_word' id='word_1_349' title='bbox 2191 4063 2218 4094; x_wconf 94' lang='lat' dir='ltr'>v</span> <span class='ocrx_word' id='word_1_350' title='bbox 2251 4049 2385 4106; x_wconf 84' lang='lat' dir='ltr'>prvih</span> <span class='ocrx_word' id='word_1_351' title='bbox 2432 4049 2636 4095; x_wconf 85' lang='lat' dir='ltr'>mesecih</span> 
     </span>
     <span class='ocr_line' id='line_1_46' title="bbox 329 4117 2636 4179; baseline 0.002 -17"><span class='ocrx_word' id='word_1_352' title='bbox 329 4117 420 4163; x_wconf 86' lang='lat' dir='ltr'>leta</span> <span class='ocrx_word' id='word_1_353' title='bbox 452 4119 551 4163; x_wconf 85' lang='lat'>873.</span> <span class='ocrx_word' id='word_1_354' title='bbox 585 4120 630 4163; x_wconf 91' lang='lat' dir='ltr'>in</span> <span class='ocrx_word' id='word_1_355' title='bbox 665 4121 784 4164; x_wconf 86' lang='lat' dir='ltr'>sicer</span> <span class='ocrx_word' id='word_1_356' title='bbox 829 4121 945 4175; x_wconf 86' lang='lat' dir='ltr'>pred</span> <span class='ocrx_word' id='word_1_357' title='bbox 991 4121 1152 4176; x_wconf 82' lang='lat' dir='ltr'>smrtJ’o</span> <span class='ocrx_word' id='word_1_358' title='bbox 1199 4121 1572 4178; x_wconf 69' lang='lat' dir='ltr'>solnograskega</span> <span class='ocrx_word' id='word_1_359' title='bbox 1619 4122 1852 4167; x_wconf 69' lang='lat' dir='ltr'>nadskofa</span> <span class='ocrx_word' id='word_1_360' title='bbox 1883 4122 2147 4176; x_wconf 87' lang='lat' dir='ltr'>Adalwina,</span> <span class='ocrx_word' id='word_1_361' title='bbox 2197 4123 2240 4168; x_wconf 91' lang='lat' dir='ltr'>ki</span> <span class='ocrx_word' id='word_1_362' title='bbox 2287 4124 2331 4179; x_wconf 85' lang='lat' dir='ltr'>je</span> <span class='ocrx_word' id='word_1_363' title='bbox 2378 4123 2498 4167; x_wconf 90' lang='lat' dir='ltr'>umrl</span> <span class='ocrx_word' id='word_1_364' title='bbox 2546 4123 2636 4168; x_wconf 86' lang='lat' dir='ltr'>dne</span> 
     </span>
    </p>
   </div>
   <div class='ocr_carea' id='block_1_25' title="bbox 334 4192 955 4250">
    <p class='ocr_par' dir='ltr' id='par_1_26' title="bbox 334 4192 955 4250">
     <span class='ocr_line' id='line_1_47' title="bbox 334 4192 955 4250; baseline 0.006 -15"><span class='ocrx_word' id='word_1_365' title='bbox 334 4192 399 4237; x_wconf 90' lang='lat'>14.</span> <span class='ocrx_word' id='word_1_366' title='bbox 433 4193 556 4249; x_wconf 81' lang='lat' dir='ltr'>maja</span> <span class='ocrx_word' id='word_1_367' title='bbox 590 4195 820 4250; x_wconf 65' lang='lat' dir='ltr'>recenega</span> <span class='ocrx_word' id='word_1_368' title='bbox 852 4194 955 4239; x_wconf 84' lang='lat' dir='ltr'>leta.</span> 
     </span>
    </p>
   </div>
   <div class='ocr_carea' id='block_1_26' title="bbox 2699 3847 2762 3938">
    <p class='ocr_par' dir='ltr' id='par_1_27' title="bbox 2699 3847 2762 3938">
     <span class='ocr_line' id='line_1_48' title="bbox 2699 3847 2762 3891; baseline 0 -11"><span class='ocrx_word' id='word_1_369' title='bbox 2699 3847 2762 3891; x_wconf 74' lang='lat'>{.1</span> 
     </span>
     <span class='ocr_line' id='line_1_49' title="bbox 2754 3914 2762 3938; baseline 0 0"><span class='ocrx_word' id='word_1_370' title='bbox 2754 3914 2762 3938; x_wconf 74' lang='lat' dir='ltr'>«l</span> 
     </span>
    </p>
   </div>
  </div>
 </body>
</html>
