2762 4458
331 236 414 280 164
1396 223 1459 282 St.
1485 238 1585 282 217.

322 430 430 482 per
466 417 575 468 tres
618 414 722 468 vim
773 414 1014 481 pertulit
1063 429 1248 467 annos
1286 414 1674 482 recipiendam
1714 430 1830 468 non
1870 415 1954 469 ad
1990 415 2260 470 iudicium
2309 431 2484 483 super
2518 416 2641 470 dio·

329 505 495 558 cesim
537 502 858 557 destinatus
896 517 1020 556 sum
1060 502 1433 557 subeundum.
1476 501 1555 555 Et
1592 505 1740 557 certe
1776 503 2089 558 secundum
2131 503 2442 559 decretalia
2483 505 2638 558 insti-

327 593 450 645 tuta
472 592 635 659 prius
666 606 788 645 eum
816 591 1132 645 reinvestiri
1154 591 1414 645 convenit
1434 593 1746 646 ministerio
1776 593 2031 662 episcopi
2069 595 2125 646 'et
2155 593 2520 661 postmodum
2560 593 2647 646 ad

326 682 614 734 racionem
656 679 885 745 adduci,
928 681 994 733 ut
1027 679 1251 734 scilicet
1289 680 1517 734 vestitus
1556 681 1775 735 iuribus
1825 697 1934 749 per
1975 697 2188 735 annum
2246 684 2301 735 et
2338 681 2643 736 dimidium

325 770 624 838 resumptis
664 767 748 821 ad
785 766 1196 836 diffiniendam
1236 784 1468 822 causam
1508 784 1673 823 suam
1714 770 1968 824 accedat.
2023 769 2205 824 Porro
2243 772 2297 824 si
2332 769 2575 824 Aluinus
2590 772 2641 838 2)

328 873 454 912 cum
495 857 826 911 Hermerico
869 856 1144 910 indiciam
1186 872 1311 911 cum
1353 858 1612 927 episcopo
1652 860 1848 912 nostro
1871 858 2175 913 Methodio
2218 859 2360 912 inire
2390 859 2639 923 voluerit,

327 948 421 1002 dic
459 947 542 1000 ad
595 961 714 999 eos:
768 944 876 999 Vos
928 946 1051 999 sine
1103 945 1381 1000 canonica
1435 947 1718 1001 sententia
1774 947 2135 1015 dampnastis
2186 948 2512 1015 episcopum
2566 947 2645 1001 ab

325 1036 644 1105 apostolica
682 1034 817 1089 sede
857 1035 1088 1088 missum
1116 1037 1326 1089 carceri
1363 1036 1759 1105 mancipantes
1788 1039 1845 1090 et
1870 1036 2132 1104 colaphis
2159 1036 2497 1106 affligentes
2524 1037 2581 1089 et
2602 1051 2643 1088 a

323 1142 490 1181 sacro
543 1124 855 1179 ministerio
906 1126 1239 1193 separantes
1281 1126 1338 1178 et
1372 1141 1409 1178 a
1447 1126 1584 1179 sede
1639 1125 1820 1179 tribus·
1872 1126 2042 1180 annis
2095 1125 2372 1194 pellentes
2410 1126 2640 1194 aposto-

325 1216 495 1270 licam
534 1213 727 1268 sedem
762 1227 871 1280 per
904 1213 1090 1280 ipsum
1131 1213 1436 1268 triennium
1478 1215 1742 1281 plurimis
1782 1215 1969 1270 missis
2009 1216 2067 1268 et
2105 1215 2360 1284 epistolis
2412 1214 2639 1282 procla-

325 1305 588 1358 mantem.
654 1301 791 1355 Non
849 1302 982 1356 estis
1035 1301 1118 1355 ad
1170 1302 1444 1357 iudicium
1502 1305 1798 1358 convenire
1857 1304 2104 1374 dignati,
2164 1303 2325 1373 quod
2381 1302 2642 1372 profecto

327 1408 551 1462 semper
584 1390 973 1460 subterfugere
1013 1393 1263 1445 curastis
1304 1394 1360 1445 et
1395 1408 1547 1447 nunc
1567 1393 1692 1447 sine
1717 1393 1853 1447 sede
1881 1394 2203 1462 apostolica
2244 1392 2519 1447 iudicium
2549 1406 2644 1445 vos

324 1497 554 1552 querere
608 1481 939 1535 simulastis.
1002 1478 1146 1534 Cum
1204 1496 1309 1550 ego
1364 1481 1448 1535 ad
1495 1481 1602 1536 hoc
1640 1483 1846 1536 missus
1885 1484 2009 1548 sim,
2051 1485 2116 1536 ut
2153 1484 2314 1536 tanto
2360 1497 2452 1535 vos
2505 1482 2638 1533 tem-

322 1588 466 1640 pore
506 1588 541 1625 a
585 1570 792 1625 divinis
843 1570 1171 1624 ministeriis
1217 1585 1491 1640 separem,
1544 1574 1762 1639 quanto
1816 1587 1909 1626 vos
1965 1571 2219 1626 eumdem
2273 1569 2642 1624 venerabilem

329 1662 504 1715 virum
546 1677 581 1714 a
623 1660 935 1714 ministerio
975 1674 1140 1713 sacro
1185 1675 1406 1713 cessare
1446 1660 1744 1730 coegistis,·
1786 1662 1843 1714 et
1878 1662 1997 1730 ipse
2037 1662 2199 1715 tanto
2241 1662 2491 1727 tempore
2531 1673 2639 1712 cre-

327 1750 449 1804 dito
507 1749 620 1804 sibi
678 1750 1007 1819 episcopatu
1066 1751 1398 1805 inconcusso
1459 1765 1530 1803 ac
1586 1750 1709 1803 sine
1767 1751 2058 1819 questione
2108 1750 2361 1819 fruatur,
2422 1748 2640 1818 quanto

327 1842 555 1894 constat
592 1839 752 1894 illum
796 1839 950 1894 vobis
977 1839 1331 1907 facientibus
1373 1855 1437 1892 eo
1467 1839 1655 1907 fuisse
1704 1840 2005 1909 privatum.
2049 1837 2255 1908 Sicque
2310 1838 2533 1891 demum
2588 1837 2645 1891 si

324 1930 638 1984 habueritis
679 1929 736 1982 in
778 1929 1032 1994 invicem,
1074 1928 1424 1982 conveniatis
1466 1930 1522 1982 et
1557 1943 1748 1983 coram
1786 1928 1922 1982 sede
1950 1928 2271 1996 apostolica
2308 1941 2448 1996 pars
2475 1926 2638 1980 audi·
2727 1967 2762 1977 ,.

327 2021 463 2072 atur
499 2020 555 2072 et
592 2018 880 2072 iudicetur
913 2021 1169 2087 utraque.
1227 2016 1536 2071 Presertim
1578 2033 1704 2071 cum
1753 2018 1904 2071 inter
1949 2017 2408 2085 archiepiscopos
2460 2031 2640 2071 causa

329 2110 575 2162 versetur
610 2109 666 2161 et
690 2108 1024 2161 conveniens
1063 2122 1176 2161 non
1215 2108 1306 2172 sit,
1350 2109 1415 2160 ut
1451 2108 1604 2161 inter
1624 2109 1923 2175 utrumque
1962 2107 2113 2160 alius
2152 2107 2267 2161 nisi
2298 2104 2639 2174 patriarcha

321 2197 491 2252 iudex
532 2197 866 2251 inveniatur.
910 2195 1064 2249 Nam
1107 2198 1163 2249 et
1200 2197 1258 2250 in
1285 2196 1534 2266 negotiis
1561 2197 1841 2250 minorum
1868 2198 2026 2251 sacri
2047 2211 2295 2251 canones
2321 2195 2405 2249 ad
2427 2194 2638 2261 sedem,

318 2286 417 2341 ubi
455 2288 540 2340 est
576 2287 766 2340 maior
801 2286 1134 2350 auctoritaS‚
1172 2288 1370 2353 partes
1411 2286 1698 2340 destinare
1734 2286 2128 2355 probantur.“]

499 2392 550 2453 e)
594 2391 638 2443 V
681 2389 864 2459 svojih
908 2389 1267 2459 instrukcijah
1311 2390 1507 2443 veleva
1562 2395 1746 2459 pape}
1801 2389 1995 2448 {kofw
2032 2389 2221 2455 Pavlu‚
2283 2388 2354 2442 da
2417 2388 2502 2456 ηε]
2565 2403 2639 2441 ne

320 2480 566 2549 spreime
610 2479 919 2548 nobenega
960 2480 1253 2550 izgovora,
1296 2480 1456 2533 vsled
1501 2479 1765 2549 katerega
1808 2479 1862 2532 bi
1907 2495 1983 2534 on
2029 2477 2180 2547 (skof
2222 2477 2411 2545 Pavel)
2454 2476 2519 2531 ali
2563 2492 2636 2544 pa

322 2570 442 2623 brat
484 2568 681 2623 Metod
726 2585 796 2622 ne
838 2568 918 2622 {el
962 2567 995 2620 k
1036 2566 1412 2636 Svetopolku,
1456 2571 1518 2622 ee
1562 2569 1678 2622 tudi
1737 2568 1792 2622 bi
1851 2567 2011 2623 {kofa
2055 2567 2332 2636 (Adalwin
2387 2567 2440 2619 in
2500 2565 2636 2618 Her·

321 2658 589 2725 manrieh)
647 2657 860 2727 grozila
902 2675 932 2710 z
975 2657 1266 2726 vojskami.
1324 2657 1478 2724 [„Ne
1530 2659 1810 2728 suscipias
1850 2659 2207 2712 occasionem
2250 2655 2640 2711 excusationis

315 2748 705 2813 prohibentem
746 2749 799 2800 te
842 2747 923 2800 vel
959 2748 1205 2817 fratrem
1258 2749 1512 2801 nostrum
1552 2747 1918 2802 Methodium
1972 2747 2212 2800 transire
2266 2745 2349 2799 ad
2402 2743 2637 2799 Suente-

294 2838 562 2906 ,pulcum,
588 2838 702 2891 sive
731 2838 830 2903 (sc.
862 2837 1145 2905 episcopi)
1188 2835 1339 2890 bella
1375 2837 1723 2904 pretendunt
1745 2838 1859 2891 sive
1887 2836 2220 2891 inimicitias
2246 2834 2573 2904 congerant.
2585 2834 2638 2899 Ἴ

497 2942 700 2995 Datum
743 2940 979 3009 manjka.
1023 2971 1090 2978 ——
1136 2940 1298 3009 „lpse
1337 2942 1538 2995 nosti.“

499 3025 775 3114 [Odiomki
835 3058 950 3111 tega
1002 3048 1172 3112 pisma
1231 3063 1290 3095 so
1344 3063 1398 3095 se
1455 3045 1676 3096 ohranili
1718 3064 1749 3089 v
1790 3046 2077 3114 Londonu,
2133 3062 2196 3094 na
2256 3043 2468 3110 Dunaju
2510 3045 2560 3091 in
2602 3059 2637 3090 v

323 3137 500 3187 Rimu.
542 3135 773 3202 Najveftji
814 3140 913 3184 kos
954 3137 1124 3200 pisma
1166 3151 1219 3183 se
1261 3133 1449 3200 nahaja
1489 3153 1520 3185 v
1547 3135 1815 3186 Londonu
1845 3153 1876 3184 v
1903 3134 2227 3184 Britanskem
2271 3132 2483 3197 muzeJu
2525 3130 2635 3196 pod

320 3228 378 3278 st.
408 3226 546 3291 8873
593 3228 643 3273 in
685 3227 814 3274 sicer
855 3227 944 3272 oni
986 3224 1103 3282 deli,
1148 3223 1197 3271 ki
1226 3240 1285 3273 so
1314 3225 1488 3291 zgoraj
1519 3225 1783 3291 omenjeni
1826 3226 1934 3291 pod
1976 3243 2018 3279 a,
2053 3243 2093 3280 c,
2129 3231 2157 3270 d
2199 3226 2249 3271 in
2284 3241 2323 3272 e.
2365 3219 2633 3271 Odlomka

265 3326 268 3328 ’
319 3324 346 3362 b
382 3317 432 3363 in
470 3334 493 3362 c
535 3331 587 3363 se
631 3313 869 3379 nahajata
911 3331 941 3362 v
982 3307 1255 3379 rokopisih
1298 3317 1342 3362 iz
1393 3330 1470 3377 15.
1514 3315 1718 3380 stoletja
1759 3331 1824 3364 na
1868 3313 2076 3380 Dunaju
2119 3311 2276 3382 (Cod.
2318 3311 2437 3362 bibl.
2482 3325 2637 3372 caesa,

327 3401 504 3472 2186),
547 3403 638 3452 kar
677 3403 723 3469 je
766 3403 991 3468 prepisal
1018 3402 1372 3453 Wattenbach
1413 3403 1689 3473 (Beitrzige,
1710 3420 1804 3453 zur
1844 3403 2035 3453 christl.
2079 3402 2264 3457 Kirche
2307 3404 2357 3449 in
2399 3398 2634 3465 Μὲὶῑπεη,

318 3504 377 3544 st.
406 3490 498 3560 48)
540 3495 596 3542 in
637 3510 667 3540 v
707 3492 873 3542 Rimu
915 3510 946 3540 v
986 3492 1279 3542 vatikanski
1324 3492 1565 3560 knjiinici
1608 3491 1766 3562 (Cod.
1794 3492 1970 3554 chart„
2001 3490 2186 3562 4886),
2224 3492 2314 3540 kar
2354 3492 2400 3557 je
2442 3491 2525 3539 dai
2566 3505 2634 3537 na
2725 3493 2748 3539 4

320 3583 484 3631 svetlo
527 3581 687 3630 Raeki
719 3580 915 3647 (Vieki
943 3580 1254 3649 djelovanje,
1282 3592 1367 3635 str.
1403 3580 1547 3649 293.)
1574 3613 1641 3620 -—
1673 3582 1850 3632 Razne
1878 3583 2129 3632 odlomke
2173 3582 2421 3646 refienega
2462 3581 2633 3644 pisma
2728 3576 2738 3610 F

317 3688 375 3720 so
433 3672 767 3737 ponatisnili:
830 3671 1077 3720 Ewald
1134 3689 1164 3719 v
1221 3671 1394 3720 Neues
1436 3671 1644 3734 Archiv,
1688 3671 1748 3735 V,
1796 3688 1914 3740 302,
1959 3688 2058 3736 303
2118 3669 2251 3740 (odl.
2292 3677 2318 3716 d
2367 3671 2419 3717 in
2455 3667 2518 3733 e),
2559 3695 2635 3703 -·

319 3759 714 3809 Miklosich
758 3762 808 3807 in
851 3759 1059 3808 Rae'ki
1101 3777 1132 3808 v
1174 3759 1413 3809 Statinah
1465 3761 1722 3827 jugoslav.
1765 3760 1930 3826 akad.,
1971 3760 2082 3820 XII,
2127 3776 2227 3824 213
2287 3757 2414 3828 (odl.
2460 3775 2498 3811 a,
2532 3776 2570 3819 c,
2603 3762 2631 3802 d

319 3852 368 3896 in
408 3846 468 3916 e).
511 3879 579 3885 —-
625 3848 1000 3905 Pastrnek‚
1045 3848 1234 3916 Dbjiny
1275 3849 1591 3916 slovanskyh
1632 3850 1895 3915 apostol&
1927 3861 2013 3898 str.
2045 3865 2147 3912 250
2192 3849 2316 3915 (odl.
2343 3867 2382 3904 a,
2417 3867 2453 3902 c,
2487 3854 2528 3901 d,
2562 3838 2629 3912 e).
2732 3856 2734 3858 ’

323 3967 382 3975 -
427 3936 646 4003 Jaffe':‚
687 3937 798 4004 Reg
838 3950 970 4003 pont
1013 3937 1187 4005 Rom.,
1215 3939 1276 3991 st.
1310 3938 1450 4004 2976
1493 3937 1621 4007 (odl.
1657 3959 1697 3994 a,
1729 3946 1770 3994 b,
1808 3958 1844 3994 c,
1878 3946 1919 3993 d,
1955 3939 2016 4004 e),
2047 3966 2114 3975 -
2159 3936 2462 4004 Boczek,
2491 3934 2629 3985 Cod.

321 4026 441 4092 dipl.
470 4026 688 4089 Morav.,
732 4026 766 4093 Ι,
811 4043 871 4091 35
918 4026 1044 4095 (odl.
1087 4033 1113 4073 b
1149 4029 1199 4074 in
1242 4023 1300 4094 c).
1346 4056 1412 4063 —
1458 4026 1688 4076 Gratiani
1731 4028 1880 4095 decr,
1909 4025 1969 4077 C.
1999 4025 2141 4095 XVI²
2168 4043 2254 4093 qu.
2286 4042 2330 4090 3,
2360 4042 2385 4074 c
2435 4039 2497 4088 14
2523 4024 2629 4087 (ed.

496 4188 532 4239 2)
566 4185 638 4230 To
671 4186 713 4242 je
750 4186 1082 4240 „Adaluinus“.
