2762 4458
326 231 412 273 242
1364 213 1427 269 St.
1450 225 1537 270 323
1550 224 1594 269 b.

326 425 375 463 et
416 409 628 474 Pauli‚1)
681 418 795 456 tum
845 406 1075 454 domnus
1116 404 1298 453 Petrus
1338 405 1445 453 dux
1484 405 1654 454 navali
1695 408 1937 473 exercitu,
1975 404 2072 454 Dei
2113 415 2379 471 protectus
2421 406 2633 463 auxilio,

327 501 589 568 predictos
645 496 856 562 Ungros
898 497 948 542 in
991 492 1170 559 fugam
1213 496 1379 543 vertit.
1422 492 1521 542 fuit
1560 510 1792 560 namque
1831 492 1927 561 hec
1967 496 2270 559 persecucio
2312 496 2363 542 in
2405 493 2548 542 Italia
2587 503 2637 542 et

325 590 553 640 Venecia
606 601 745 635 anno
800 599 927 635 uno,
981 597 1069 631 rex
1120 583 1277 647 igitur
1315 581 1675 648 Berengarius‚
1718 582 1849 630 datis
1892 582 2163 630 obsidibus
2204 598 2262 631 ac
2302 582 2475 643 donis,
2516 596 2635 648 pre-

325 680 491 728 dictos
532 676 742 742 Ungros
783 674 846 721 de
888 671 1028 721 Italia
1069 671 1306 719 recedere
1347 668 1468 719 fecit
1507 686 1630 719 curn
1671 673 1816 719 omni
1860 672 2018 735 preda
2059 687 2221 737 quam
2262 677 2554 735 ceperant.“

502 762 847 827 Liutprandi
887 759 1299 826 Antapodosis,
1339 757 1398 825 II,
1439 774 1478 809 c.
1508 774 1538 823 9
1579 757 1787 827 (Script.
1814 773 1912 812 rer.
1949 757 2126 812 Germ.
2169 761 2218 806 in
2256 775 2415 807 usum
2455 757 2634 815 schol„

324 855 404 907 ed.
427 851 721 911 Dfimmler,
743 867 793 914 p.
815 849 925 912 32):
961 846 1085 915 „Sol
1114 846 1341 895 necdum
1372 849 1525 911 piscis
1551 848 1762 912 signum
1790 847 2046 914 deserens,
2074 849 2244 895 arietis
2269 847 2635 912 occupabat2)‚

323 958 444 992 cum
486 944 748 989 immenso
791 947 947 1003 atque
989 935 1356 983 innumerabili
1398 935 1618 984 collecto
1661 938 1887 984 exercitu
1929 934 2129 984 Italiam
2170 945 2372 1003 petunt,
2412 937 2636 1002 Aqui-

323 1031 606 1096 legiam,
666 1026 950 1082 Veronam,
995 1026 1371 1072 munitissimas
1413 1034 1778 1088 pertranseunt
1817 1026 2062 1082 civitates,
2106 1034 2156 1073 et
2194 1023 2461 1092 Ticinum,
2501 1040 2636 1091 quae

329 1134 479 1167 nunc.
511 1118 612 1165 alio
656 1115 1004 1164 excellentiori
1040 1112 1206 1177 Papia
1246 1122 1459 1161 notatur
1485 1113 1764 1177 vocabulo,
1802 1113 1958 1161 nullis
1983 1113 2338 1162 resistentibus
2366 1111 2634 1162 veniunt.“

499 1205 700 1269 Regin.
728 1202 949 1253 Chron.
979 1201 1043 1249 ad
1072 1217 1116 1253 a.
1149 1216 1246 1265 901
1292 1198 1439 1269 (MG.
1468 1199 1574 1268 SS.,
1602 1199 1637 1269 1,
1663 1198 1819 1268 609):
1867 1198 2041 1263 „Gens
2083 1195 2464 1268 H'ungarorum
2501 1202 2635 1251 Lan-

322 1294 681 1362 gobardorum
723 1290 853 1340 fines
895 1293 1138 1356 ingressa,
1194 1289 1458 1354 caedibus,
1509 1290 1761 1338 incendiis
1802 1306 1860 1339 ac
1900 1292 2094 1357 rapinis
2135 1291 2410 1340 crudeliter
2449 1302 2636 1341 cuncta

322 1385 568 1435 devastat.
625 1379 793 1430 Cuius
849 1380 1126 1428 violentiae
1186 1393 1244 1426 ac
1303 1378 1516 1427 beluino
1560 1377 1722 1427 furori
1765 1395 1885 1428 cum
1928 1390 2090 1428 terrae
2132 1380 2331 1429 incolae
2373 1382 2422 1428 in
2467 1397 2636 1429 unum

321 1489 509 1539 agmen
564 1470 862 1535 conglobati
904 1469 1137 1516 resistere
1178 1477 1508 1533 conarentur,
1570 1452 1962 1516 innumerabilis
2004 1468 2289 1517 multitudo
2332 1470 2519 1517 ictibus
2560 1485 2635 1518 sa-

320 1564 567 1629 gittarum
609 1560 776 1625 periit,
818 1556 1198 1624 quamplurimi
1226 1556 1458 1621 episcopi
1490 1566 1539 1604 et
1566 1561 1787 1605 comites
1814 1556 2050 1606 trucidati
2083 1567 2224 1608 sunt.
2268 1557 2635 1620 Liudwardus,

321 1652 603 1715 episcopus
643 1646 986 1697 Vercellensis
1030 1645 1293 1708 ecclesiae,
1335 1644 1510 1694 Caroli
1542 1645 1814 1712 quondam
1844 1647 2173 1711 imperatoris
2202 1643 2636 1694 familiarissimus

321 1749 371 1787 et
410 1737 734 1787 consiliarius
775 1751 804 1783 a
844 1743 1060 1801 secreto,
1113 1736 1395 1800 assumptis
1447 1750 1628 1783 secum
1686 1734 1878 1799 opibus
1939 1743 2096 1801 atque
2137 1734 2636 1800 incomparabilibus

320 1826 593 1888 thesauriS,
636 1825 827 1892 quibus
855 1823 986 1871 ultra
1014 1838 1173 1889 quam
1205 1825 1463 1872 aestimari
1493 1834 1667 1888 potest
1694 1822 2010 1890 abundabat,
2038 1839 2159 1872 cum
2187 1821 2418 1890 effugere
2448 1838 2634 1872 eorum

320 1926 587 1965 cruentam
635 1912 958 1962 ferocitatem
1000 1912 1249 1960 omnibus
1291 1914 1424 1960 votis
1467 1912 1769 1980 elaboraret,
1809 1927 1967 1977 super
1995 1928 2085 1961 eos
2121 1914 2314 1961 inscius
2343 1912 2537 1980 incidit,
2577 1928 2635 1962 ac

321 2021 446 2053 mox
486 2000 814 2063 interficitur3
858 2017 985 2065 opes
1027 2016 1162 2067 quae
1203 2016 1383 2049 secum
1426 1999 1742 2059 ferebantur,
1784 1998 2203 2067 diripiuntur“.3)

496 2093 648 2144 Ann.
678 2090 841 2142 Fuld.
886 2088 930 2139 V
957 2090 1021 2138 ad
1047 2106 1092 2142 a.
1123 2105 1228 2153 900
1270 2087 1413 2157 (MG.
1443 2088 1549 2154 SS.,
1591 2088 1624 2149 Ι,
1651 2086 1807 2157 415):
1854 2088 2099 2155 „Interim
2142 2104 2265 2138 vero
2307 2091 2481 2156 Avari,
2518 2086 2633 2157 (qui

319 2182 564 2229 dicuntur
606 2179 822 2246 Ungari)
864 2188 974 2227 tota
1001 2178 1264 2226 devastata
1293 2177 1453 2241 Italia,
1496 2180 1563 2226 ita
1594 2189 1665 2246 ut,
1706 2180 1888 2227 occisis
1918 2169 2177 2244 episcopis
2206 2178 2631 2245 quamplurimis,

320 2269 478 2319 Italici
535 2279 714 2318 contra
768 2284 858 2318 eos
907 2267 1165 2316 debellare
1216 2267 1508 2324 molientes,
1569 2269 1619 2315 in
1675 2283 1783 2316 uno
1827 2267 2023 2332 praelio
2067 2283 2171 2315 una
2212 2267 2294 2315 die
2336 2268 2636 2317 ceciderunt

322 2373 386 2406 22
419 2357 577 2410 milia.
636 2355 737 2423 Ipsi
788 2373 1019 2423 namque
1061 2355 1246 2404 eadem
1287 2358 1514 2422 viaqua
1556 2357 1891 2414 intraverunt,
1935 2354 2263 2420 Pannoniam
2307 2372 2367 2404 ex
2407 2358 2635 2406 maxima

318 2459 461 2513 parte
503 2447 845 2503 devastantes,
889 2447 1103 2512 regressi
1145 2442 1320 2497 sunt“.

495 2537 646 2588 Ann.
683 2536 953 2586 Alaman.
988 2535 1052 2582 ad
1086 2551 1129 2585 a.
1167 2533 1290 2601 899,
1330 2532 1467 2588 Cod.
1503 2533 1737 2585 Modoet.
1783 2543 1833 2583 et
1869 2533 2063 2583 Veron.
2104 2531 2250 2597 (MG.
2286 2532 2396 2594 SS.,
2447 2532 2483 2603 Ι,
2519 2537 2631 2598 53):

322 2624 553 2693 „Ungari
594 2624 792 2674 Italiam
837 2625 1094 2689 ingressi.
1126 2665 1136 2675 .
1171 2664 1182 2675 .
1241 2623 1446 2672 Bellum
1505 2626 1739 2688 primum
1782 2625 1914 2672 inter
1954 2622 2196 2691 Ungaros
2238 2634 2287 2672 et
2327 2621 2635 2673 christianos

318 2717 369 2762 in
412 2714 555 2763 Italia
596 2713 660 2762 ad
702 2710 1054 2780 Parentum4),
1099 2723 1148 2760 et
1188 2712 1379 2761 castelli
1422 2715 1557 2777 capti
1599 2710 1774 2765 sunt“.

498 2803 644 2866 Ibid.,
680 2801 817 2854 Cod.
849 2800 979 2854 Tur,
1015 2811 1064 2850 et
1099 2800 1251 2854 Sirm.
1293 2802 1347 2870 (l.
1379 2817 1422 2853 c,
1452 2819 1503 2867 p.
1537 2799 1654 2869 53):
1710 2800 1937 2867 „Ungari
1986 2799 2184 2850 Italiam
2227 2803 2544 2867 invaserunt,
2586 2811 2635 2850 et
2724 2839 2727 2842 -

319 2892 696 2958 Langobardos
738 2891 874 2939 bello
918 2889 1205 2943 vicerunt“.
1959 2894 1962 2897 ’
2214 2900 2217 2901 ’

491 2982 642 3033 Ann.
666 2980 916 3031 Laubac.
946 2981 1010 3028 ad
1035 2996 1078 3031 a.
1105 2979 1210 3045 899
1251 2978 1396 3049 (MG.
1427 2979 1533 3044 SS.,
1578 2979 1611 3047 1,
1643 2976 1759 3047 53):
1802 2979 1998 3045 Ungari
2041 2979 2237 3028 Italiam
2282 2981 2551 3046 ingressi“.

491 3070 643 3121 Ann.
672 3069 998 3133 Weingart.
1027 3069 1090 3117 ad
1120 3086 1162 3121 a.
1182 3069 1285 3134 899
1322 3067 1466 3138 (MG.
1488 3068 1598 3130 SS.,
1630 3067 1665 3132 1,
1694 3065 1807 3137 66):
1860 3067 2055 3136 „Ungri
2086 3067 2285 3118 Italiam
2314 3072 2631 3137 invaserunt,

315 3170 365 3208 et
406 3158 789 3224 Longobardos
832 3158 968 3206 bello
1011 3156 1298 3211 vicerunt“.
2499 3147 2503 3150 ⁴

492 3248 642 3299 Ann.
684 3247 929 3311 Augien.
975 3246 1040 3294 ad
1081 3263 1124 3298 a.
1158 3246 1262 3312 899
1306 3246 1450 3313 (MG.
1484 3245 1592 3316 SS.,
1633 3246 1666 3314 1,
1702 3244 1814 3315 68):
1877 3245 2107 3315 „Ungari
2164 3245 2361 3296 Italiam
2415 3237 2628 3319 ingressi
2687 3293 2694 3299 ,

315 3337 480 3385 multa
521 3333 700 3404 (mala)
742 3333 1029 3388 fecerunt“.

493 3424 711 3476 Chron.
739 3423 1222 3475 Beneventanum
1249 3425 1314 3473 ad
1338 3441 1379 3475 a.
1401 3424 1505 3490 899
1534 3424 1824 3488 (Muratori‚
1853 3426 2069 3491 Antiqu.
2099 3422 2319 3492 Italicae,
2337 3423 2416 3474 ed.
2442 3425 2627 3488 Arret.‚

316 3513 350 3581 Ι,
377 3510 531 3582 43-1):
578 3513 851 3580 „Hungari
894 3515 944 3560 in
987 3511 1185 3561 ltaliam
1228 3511 1535 3565 venerunt“.

498 3662 530 3713 ¹)
564 3660 669 3703 Dne
702 3660 774 3705 29.
800 3659 942 3715 junija
976 3659 1066 3704 leta
1099 3660 1199 3704 900.

491 3735 528 3786 2)
561 3732 760 3789 Madjari
795 3733 898 3777 niso
934 3733 1062 3789 prisli
1096 3746 1124 3777 v
1159 3733 1303 3790 Italijo
1354 3747 1542 3779 meseca
1589 3746 1761 3787 marca,
1812 3732 1956 3777 kakor
2003 3733 2105 3789 pise
2137 3732 2409 3788 Liutprand,
2443 3733 2531 3788 pac
2566 3745 2627 3788 pa

314 3820 500 3852 meseca
532 3809 730 3864 avgusta
763 3807 853 3851 leta
884 3807 1000 3861 890„
1035 3807 1180 3856 kakor
1212 3821 1320 3852 nam
1355 3807 1467 3852 kaie
1501 3809 1611 3853 citat
1641 3809 1682 3852 iz
1719 3807 1966 3863 „Catalogi
2000 3806 2224 3851 abbatum
2260 3805 2626 3850 Nonantulano-
2701 3850 2707 3874 ,-

314 3884 460 3925 rum“.
494 3882 563 3924 Ta
596 3882 663 3925 vir
695 3882 882 3935 zasluii,
918 3881 998 3926 kar
1030 3894 1082 3926 se
1114 3883 1203 3926 tice
1238 3882 1549 3939 kronologije,
1582 3883 1668 3928 vec
1702 3894 1824 3931 vere,
1859 3881 2004 3926 kakor
2036 3893 2097 3936 pa
2130 3880 2450 3935 Liutprandov
2481 3880 2624 3925 Anta-

318 3955 533 4010 podosis.

313 4102 564 4147 Vercellski
599 4102 706 4146 §kof
739 4103 973 4147 Liutward
1004 4103 1047 4159 je
1081 4103 1142 4147 bil
1176 4104 1274 4148 ubit
1308 4103 1399 4148 dne
1432 4105 1504 4148 24.
1527 4103 1671 4159 junija
1704 4103 1795 4147 leta
1826 4103 1926 4148 900.

490 4182 526 4229 4)
562 4177 812 4221 Parentum
845 4177 887 4232 je
925 4177 1109 4222 Brenta.

490 4030 526 4082 3)
560 4027 649 4081 To,
697 4027 778 4072 kar
811 4029 991 4086 Regino
1040 4031 1090 4073 tu
1123 4029 1451 4085 pripoveduje,
1499 4042 1550 4074 se
1583 4029 1626 4085 ie
1670 4028 1860 4085 zgodilo
1910 4028 2001 4072 leta
2032 4027 2149 4081 900„
2198 4040 2256 4071 ne
2304 4040 2366 4083 pa
2398 4027 2488 4071 leta
2522 4028 2624 4072 901.
