2762 4458
287 245 375 288 310
1271 231 1334 286 st.
1360 243 1461 296 399,
1494 243 1594 287 400.

461 423 630 474 Cont.
661 423 975 486 Reginonis
1016 422 1079 470 ad
1121 438 1163 473 a.
1194 436 1297 484 952
1341 420 1470 490 (MG
1512 421 1617 489 SS.,
1658 421 1694 484 Ι,
1738 422 1894 488 62ι)ῖ
1941 422 2179 491 „Eodem
2222 435 2395 472 tamen
2438 440 2579 472 anno
2642 455 2644 457 -

284 515 547 562 mediante
590 521 813 576 augusto
866 527 1043 559 mense
1100 522 1389 559 conventus
1432 510 1791 576 Francorum,
1849 510 2150 579 Saxonum,
2207 511 2583 578 Bawariorum,

284 602 701 648 Alamannorum
745 610 794 647 et
820 599 1289 665 Langobardorum
1321 600 1563 664 publicus
1590 600 1731 664 apud
1759 602 2337 667 AugustanamUurbem
2365 599 2583 650 Rhetiae

283 691 580 754 provinciae
623 691 821 754 agitur,
880 688 967 736 ubi
1024 691 1370 754 praescriptus
1413 687 1754 755 Berengarius
1811 704 1932 737 cum
1993 687 2100 737 filio
2158 706 2255 737 suo
2296 689 2580 738 Adalberto

282 780 451 844 regiae
492 794 546 824 se
587 793 678 842 per
718 779 898 825 omnia
939 778 994 826 in
1036 777 1373 825 vassallitium
1417 777 1614 824 dedidit
1653 776 2028 843 dominationi,
2075 787 2125 826 et
2164 776 2359 825 Italiam
2390 779 2582 828 iterum

284 883 403 915 cum
447 868 605 933 gratia
649 876 698 913 et
738 866 881 913 dono
924 868 1055 932 regis
1110 868 1309 930 accepit
1361 866 1658 930 regendam.
1717 865 1890 914 Marca
1946 877 2149 914 tantum
2178 865 2495 915 Veronensis
2537 876 2587 915 et

286 955 637 1020 Aquileiensis
679 957 945 1021 excipitur,
986 971 1119 1020 quae
1162 954 1428 1022 Heinrico,
1469 953 1607 1005 fratri
1651 959 1798 1024 regis,
1838 959 2240 1008 committitur.‘·

459 1044 805 1093 Widukindi
848 1047 956 1094 Res
995 1048 1196 1107 gestae
1238 1028 1692 1113 Saxonicaesll,
1731 1061 1757 1094 c
1805 1047 1870 1110 36
1910 1044 2077 1114 (ibid.,
2120 1044 2205 1113 III,
2242 1046 2402 1111 447lt
2445 1045 2582 1112 „Du-

283 1144 400 1181 catu
443 1135 598 1199 igitur
637 1131 1000 1180 Baioariorum
1058 1143 1271 1197 accepto
1331 1150 1666 1201 nequaquam
1718 1135 1917 1184 desidia
1973 1137 2203 1199 torpuit,
2261 1135 2352 1183 sed
2408 1135 2586 1183 abiens

284 1223 615 1288 Aquilegiam
661 1223 810 1287 cepit,
852 1221 1110 1288 Ungarios
1152 1222 1356 1270 duabus
1398 1223 1596 1271 vicibus
1644 1215 1801 1271 armis
1829 1225 2108 1288 superavit,
2148 1222 2396 1272 Ticinum
2423 1235 2585 1271 trans-

284 1312 494 1377 natavit,
534 1311 724 1376 praeda
766 1327 955 1378 magna
997 1313 1128 1360 intra
1153 1314 1423 1376 regionem
1450 1310 1685 1360 hostium
1727 1323 1891 1379 capta,
1932 1315 2216 1360 exercitum
2258 1312 2583 1361 incolumem

284 1404 502 1466 patriam
543 1400 793 1449 reduxit.“
1768 1450 1773 1454 ,

459 1490 772 1540 Thietmari
815 1489 1166 1553 Chronicon‚
1211 1489 1280 1556 II,
1310 1506 1335 1539 c
1386 1505 1448 1553 25
1479 1489 1638 1559 (ibid,
1680 1490 1761 1558 111,
1802 1488 1958 1558 756):
2010 1490 2118 1549 „De
2144 1488 2379 1556 praefato
2409 1501 2585 1539 autem

284 1580 415 1628 duce
460 1579 705 1627 Heinrico
748 1579 1009 1645 quaedam
1036 1580 1170 1647 dico,
1211 1596 1348 1646 quae
1378 1582 1537 1642 impie
1564 1578 1684 1629 fecit
1715 1582 1766 1627 in
1796 1583 1989 1629 suimet
2014 1595 2192 1646 regno,
2235 1591 2284 1627 et
2312 1581 2367 1629 in
2394 1580 2587 1645 quibus

288 1669 423 1717 valet
465 1668 795 1733 considerari,
852 1668 998 1734 quod
1046 1670 1356 1732 supradictis
1410 1669 1658 1718 omnibus
1714 1685 1822 1717 non
1883 1670 2016 1717 valet
2070 1669 2370 1718 contradici.
2430 1667 2586 1717 Patri-

285 1758 493 1808 archam
536 1759 598 1806 de
640 1759 878 1824 Aquileia
920 1760 1141 1822 castrari,
1182 1768 1233 1806 et
1272 1755 1727 1823 archiepiscopum
1758 1757 2189 1824 Salzburgensem
2233 1761 2463 1823 precepit
2504 1775 2586 1806 ex-

284 1850 445 1896 cecari
518 1845 716 1895 Causas
758 1862 954 1912 ponere
996 1847 1147 1913 nolo,
1196 1849 1318 1912 quia
1360 1847 1423 1894 ad
1465 1846 1592 1896 baec
1634 1848 1982 1912 promerenda
2035 1865 2141 1897 non
2198 1865 2309 1897 esse
2350 1849 2584 1906 idoneaS,

285 1940 335 1985 in
378 1938 588 1985 veritate
628 1937 755 1986 scio.
796 1934 840 1983 Is
882 1951 1004 1984 cum
1046 1938 1095 1982 in
1139 1933 1244 1984 fine
1286 1952 1384 1984 suo
1427 1952 1455 1984 a
1496 1935 1764 2003 Michaele,
1804 1935 2173 2001 Ratisponensi
2213 1941 2483 2003 episcopo,
2522 1937 2586 1986 de

286 2027 373 2076 tali
415 2027 701 2075 commisso
744 2037 1095 2083 amoneretur,
1138 2042 1191 2073 se
1232 2029 1289 2075 in
1332 2027 1490 2090 priori
1532 2041 1741 2090 pecasse
1783 2027 1958 2075 solum
2002 2024 2205 2083 fatetur,
2249 2029 2379 2077 etin
2422 2025 2587 2076 archi·
2646 2079 2650 2082 ,
2744 2060 2749 2071 ,

285 2117 520 2181 praesule
560 2114 768 2163 nichil.“

1246 2221 1356 2306 St..
1414 2238 1615 2307 400.

462 2383 608 2449 953,
651 2382 776 2436 dne
822 2382 915 2435 10.
947 2380 1316 2437 decembra.
1358 2380 1686 2450 Schierling.

464 2471 603 2541 Kralj
650 2470 807 2530 Oton
852 2469 933 2539 (1.)
976 2470 1170 2539 podeli
1213 2470 1372 2524 vsled
1418 2470 1812 2539 prizadevanja
1855 2471 2092 2540 svojega
2145 2470 2296 2523 brata
2342 2469 2586 2524 Henrika

284 2560 643 2629 solnograski
686 2559 872 2614 cerkvi
915 2576 996 2613 sv.
1026 2560 1184 2613 Petra
1225 2560 1276 2614 in
1303 2576 1400 2613 osv,
1435 2559 1696 2628 Ruperta,
1741 2559 1923 2613 katere
1967 2559 2321 2629 predstojnik
2359 2560 2410 2628 ie
2454 2558 2586 2612 nad-

284 2649 412 2704 skof
442 2649 679 2716 Herold,
710 2648 860 2703 neko
890 2650 1052 2716 svoje
1084 2654 1362 2717 posestvo
1389 2665 1420 2700 v
1447 2649 1537 2704 Ka
1560 2654 1763 2702 ranta
1783 2650 1911 2718 niji
1942 2666 1974 2701 v
2005 2665 2318 2717 upravnem
2347 2648 2587 2716 okroiju

285 2741 702 2809 imenovanega
762 2739 913 2791 brata
955 2739 1008 2792 in
1051 2755 1083 2791 v
1128 2738 1548 2791 Hartwikovem
1591 2738 1864 2791 uradnem
1909 2739 2122 2806 okraju‚
2179 2739 2232 2792 in
2275 2738 2418 2791 sicet
2459 2738 2586 2792 neki

288 2828 467 2882 dvor
508 2830 560 2882 in
604 2827 783 2899 grad
826 2835 855 2880 z
898 2829 1072 2881 vsemi
1118 2827 1482 2895 priteklinami
1527 2828 1578 2880 in
1623 2826 1953 2895 podloZniki
1997 2827 2255 2896 obojega‘
2297 2826 2458 2895 spola
2509 2832 2589 2880 ter

287 2934 404 2983 vse,
448 2918 541 2971 kar
583 2933 662 2986 po
706 2917 927 2986 postavi
986 2917 1163 2984 spada
1219 2917 1250 2969 k
1293 2917 1617 2970 doticnemu
1682 2916 1868 2970 dvoru
1912 2932 1945 2968 v
1987 2916 2245 2970 razlicnih
2308 2915 2478 2986 krajih
2536 2921 2587 2968 te

286 3007 350 3060 ali
395 3023 506 3060 one
550 3005 767 3076 groiije.
824 3006 910 3059 To
955 3011 1264 3074 posestvo,
1324 3005 1373 3058 ki
1424 3006 1525 3059 lezi
1569 3021 1637 3058 na
1680 3004 2196 3059 Grobniskem
2242 3004 2485 3074 polju,
2519 2992 2586 3074 'je

287 3095 412 3148 imel
456 3112 489 3149 v
531 3096 673 3164 svoji
715 3095 832 3148 lasti
877 3095 1105 3159 Henrik,
1148 3095 1231 3148 sin
1275 3093 1617 3161 Arnoliovl),
1676 3094 1772 3149 kot
1814 3093 2125 3159 dedscinm
2185 3093 2258 3148 ko
2300 3095 2352 3162 je
2396 3110 2469 3162 pa
2511 3092 2587 3146 bil

286 3184 450 3238 zarad
480 3185 785 3252 veleizdaje
814 3199 893 3251 po
925 3185 1146 3252 postavi
1175 3183 1440 3252 obsojen‚
1471 3184 1524 3252 je
1553 3184 1727 3251 priSlo
1758 3199 1792 3236 v
1819 3184 2067 3251 njegove
2099 3183 2387 3252 (kraljeve)
2431 3181 2587 3235 roke.

289 3275 358 3340 [‚,.
390 3315 400 3325 .
431 3317 440 3327 .
473 3273 767 3343 quoddam
804 3273 1176 3342 proprietatis
1216 3275 1404 3326 nostre
1439 3272 1700 3341 predium
1743 3273 1799 3326 in
1841 3254 2018 3342 regno
2051 3271 2365 3326 Carentitzo
2408 3271 2466 3325 in
2507 3286 2587 3324 re-

283 3365 500 3434 gimine
542 3362 791 3417 eiusdem
820 3363 1030 3431 fratris
1069 3365 1253 3422 nostri
1293 3358 1406 3430 (sc.
1434 3362 1720 3430 Heinrici)
1779 3363 1835 3415 et
1885 3364 1944 3416 itz
1983 3361 2295 3415 ministerio
2336 3360 2592 3414 Hartwic

287 3454 488 3516 situm,
545 3453 651 3507 lzoc
707 3452 968 3506 videlicet
1013 3452 1171 3522 quod
1220 3451 1528 3505 Heinricus
1568 3450 1799 3519 Arnolfi
1840 3451 2012 3520 filius
2068 3450 2412 3505 hereditario
2471 3450 2590 3503 iure

286 3541 577 3611 possidere
620 3542 767 3595 visus
808 3543 893 3595 est
930 3542 987 3595 in
1033 3542 1158 3594 loco
1209 3539 1512 3610 Crapofelt
1564 3541 1876 3604 uomiuatO,
1934 3542 2243 3609 antequam
2297 3541 2487 3593 nostre
2527 3540 2594 3591 ut

288 3632 604 3686 subiaceret
654 3631 931 3700 potestati
981 3646 1087 3698 pro
1148 3631 1446 3684 commissu
1504 3630 1693 3699 regali
1747 3630 1904 3684 iuxta
1963 3629 2144 3699 legem
2206 3627 2586 3683 diiudicatum
2671 3661 2676 3669 -

279 3721 505 3789 fuisset,
550 3719 632 3772 ad
669 3719 854 3773 altare
892 3719 1080 3773 sancti
1114 3720 1274 3772 Petri
1308 3719 1604 3787 sanctique
1645 3718 1927 3777 Rodberti
1950 3719 2303 3788 Juuauetzsis
2344 3717 2587 3781 ecclesie,

291 3811 383 3863 cui
422 3808 753 3863 venerabilis
800 3808 1091 3862 Heroldus
1146 3808 1605 3876 archiepiscopus
1647 3824 1870 3876 preesse
1913 3807 2148 3872 videtur,
2186 3806 2598 3874 perpetualiter

293 3897 612 3952 habendum
655 3898 1004 3962 donavimus,
1047 3897 1155 3951 lzoc
1196 3899 1281 3950 est
1318 3898 1527 3950 curtem
1569 3896 1862 3966 quandam
1905 3899 1960 3949 et
1995 3897 2286 3950 castellum
2327 3910 2450 3949 cum
2478 3910 2589 3947 om-

475 4049 506 4099 1)
541 4046 759 4090 Bavarski
793 4046 1000 4102 vojvoda
1034 4045 1211 4099 Amuli,
1245 4045 1288 4089 ki
1322 4045 1363 4100 je
1397 4057 1458 4100 pa
1490 4044 1792 4100 gospodoval
1826 4043 1926 4088 tudi
1959 4056 2022 4098 po
2058 4042 2355 4099 Karantaniji,
2395 4042 2439 4098 J'e
2471 4041 2590 4085 umrl

296 4120 386 4164 dne
422 4123 489 4165 14.
512 4120 638 4176 J'ulija
670 4120 761 4165 leta
792 4121 893 4166 937.
943 4120 1033 4166 Ker
1066 4133 1120 4164 so
1156 4133 1206 4164 se
1239 4120 1428 4176 nJ'egovi
1462 4119 1614 4163 sinovi
1647 4118 1867 4174 vzdignili
1902 4129 2046 4172 zoper
2085 4117 2226 4173 kralja
2259 4115 2421 4161 Otona
2454 4115 2499 4160 Ι..
2546 4115 2591 4170 je

294 4200 338 4238 ta
371 4195 572 4250 postavil
606 4194 695 4238 leta
729 4195 826 4239 938.
855 4194 1175 4250 Arnulfovega
1207 4194 1338 4238 brata
1371 4192 1591 4238 Bertolda
1615 4206 1678 4236 -za
1710 4192 1932 4248 vojvoda.
1978 4190 2082 4247 Glej
2107 4190 2265 4247 zgoraj
2289 4191 2387 4246 pod
2413 4191 2469 4235 st.
2487 4189 2590 4233 384.

2727 3901 2755 3980 {l
