2762 4458
142 259 200 302 32
1173 242 1236 299 St.
1261 254 1331 308 30,
1364 255 1435 299 31.

145 435 306 489 triarh
352 435 614 488 Fortunat
673 434 724 486 ni
781 433 910 501 upal
965 433 1223 501 pokazati
1284 437 1364 485 ter
1421 433 1472 501 je
1530 432 1672 486 hitto
1729 431 1923 485 zbeial
1981 449 2051 485 na
2104 432 2453 487 frankovsko

144 524 414 593 zemljol).
472 523 557 577 Na
601 523 856 592 njegovo
899 526 1080 575 mesto
1122 522 1173 589 je
1216 521 1291 574 bil
1335 520 1488 587 sedai
1533 538 1598 574 za
1642 520 1918 589 patriarha
1973 522 2293 589 postavljen
2348 523 2452 575 tisti

146 613 372 682 dijakon
417 612 561 677 lvan,
604 611 653 664 ki
698 627 759 664 se
799 611 852 679 je
896 610 967 664 bil
1012 627 1077 663 za
1119 609 1385 663 nekoliko
1429 612 1558 663 casa
1599 609 1819 678 polastil
1864 608 2140 663 olivolske
2182 610 2451 679 skofiJe2).

322 701 471 755 Novi
515 700 753 769 patriarh
794 700 846 768 je
889 699 1030 767 pred
1084 698 1246 767 trupli
1306 698 1485 752 svetih
1540 698 1882 753 muCenikov
1937 699 1989 752 in
2047 699 2190 767 pred
2247 699 2454 768 kapelo

144 807 225 845 εν.
255 790 446 844 Marka
489 789 574 843 dal
619 789 885 857 napraviti
944 793 1317 842 marmornate
1361 787 1530 855 kore,
1574 804 1607 840 v
1650 787 1847 856 oltarju
1905 787 2108 842 cerkve
2149 804 2231 842 sv.
2258 789 2456 857 Marije

147 897 220 949 pa
261 880 477 948 ciborii.

319 986 469 1035 Ann.
509 999 624 1047 reg.
688 982 893 1033 Franc.
948 980 1108 1050 (Ann.
1152 979 1327 1049 Einh.)
1381 983 1441 1030 ad
1486 998 1527 1033 a.
1572 984 1678 1034 806
1731 981 1832 1050 (ed.
1876 981 1929 1034 F.
1974 982 2161 1049 Kurze,
2202 1001 2249 1048 p⁴
2302 981 2458 1051 122):

148 1073 373 1134 „Classis
414 1091 440 1121 a
482 1071 717 1121 Niciforo
779 1074 1111 1136 imperatore,
1168 1074 1250 1120 cui
1308 1071 1487 1120 Niceta
1546 1074 1791 1136 patricius
1848 1083 2095 1140 praeerat,
2148 1074 2212 1120 ad
2253 1076 2452 1138 recipe-

143 1164 358 1212 randam
402 1163 714 1210 Dalmatiam
759 1163 1031 1211 mittitur.“

319 1267 612 1317 Johannis
654 1266 887 1316 diaconi
931 1265 1268 1315 Chronicon
1308 1265 1604 1315 Venetam
1645 1264 1979 1332 (Monticolo,
2034 1263 2309 1315 Cronache
2355 1265 2459 1314 Ve-

143 1360 371 1415 neziane‚
435 1356 469 1418 Ι,
516 1355 660 1422 103):
711 1394 731 1413 „
765 1396 776 1407 .
805 1396 817 1407 .
844 1396 852 1406 .
882 1366 932 1404 et
971 1358 1095 1422 quia
1135 1356 1283 1403 valde
1343 1355 1553 1404 Nicetae
1596 1357 1794 1420 patricii
1848 1355 2130 1403 adventum
2186 1355 2458 1421 prestolari

144 1446 460 1496 formidabat
501 1450 591 1507 (sc.
635 1442 993 1512 Fortunatus),
1033 1447 1122 1512 qui
1166 1455 1291 1494 tunc
1335 1446 1524 1493 missus
1566 1446 1628 1493 ab
1672 1447 1986 1509 imperatore
2044 1460 2166 1493 cum
2222 1446 2446 1493 exercitu

144 1540 195 1585 in
238 1549 408 1602 partes
451 1535 841 1584 Dalmaciarum
884 1545 1040 1601 atque
1088 1533 1431 1583 Veneciarum
1476 1534 1732 1597 veniebat,
1776 1534 1951 1582 relicta
1991 1534 2112 1582 sede
2156 1544 2205 1582 et
2246 1536 2455 1599 propria

144 1628 285 1683 urbe,
330 1629 517 1674 iterum
559 1623 836 1673 Franciam
887 1625 1062 1689 petiit;
1119 1622 1385 1671 Johannes
1429 1638 1550 1671 vero
1594 1624 1866 1691 diaconus,
1905 1625 1996 1690 qui
2039 1625 2232 1672 electus
2291 1621 2461 1673 fuerat

144 1719 194 1764 in
238 1717 544 1780 episcopatu
588 1712 916 1781 olyvolensi,
959 1713 1230 1761 ordinatus
1273 1724 1348 1760 est
1390 1710 1729 1777 patriarcha.“

320 1819 446 1871 Ibid.
490 1819 541 1888 (l.
574 1834 615 1870 e.
646 1836 696 1884 p.
735 1795 885 1885 10'5):
935 1856 956 1876 „
986 1858 998 1868 .
1028 1860 1039 1870 .
1067 1859 1077 1868 .
1107 1818 1224 1866 licet
1263 1820 1453 1866 iniuste
1495 1818 1674 1865 sedem
1717 1796 1982 1866 invaderet
2023 1816 2099 1885 (sc
2152 1816 2458 1884 Johannes),

141 1921 317 1958 tamen·
360 1919 478 1957 ante
519 1919 820 1956 sanctorum
867 1918 1155 1974 martyrum
1197 1905 1561 1973 HermachorQ
1605 1919 1653 1954 et
1698 1905 1986 1959 Fortunati.
2029 1923 2120 1955 seu
2162 1906 2362 1975 Hyllari
2407 1919 2461 1956 et

141 1998 356 2047 Taciani
401 2013 637 2064 corpora,
679 2012 774 2044 nec
816 2011 921 2044 non
966 2008 1015 2044 et
1056 1999 1216 2044 sancti
1258 1995 1418 2045 Marci
1462 1996 1716 2061 capellam
1760 1997 2068 2044 marmoreis
2097 1997 2360 2045 columnis
2409 2008 2462 2046 et

140 2088 329 2137 tabulis
369 2086 659 2135 honorifice
702 2084 892 2134 choros
934 2101 1257 2151 componere
1298 2086 1519 2152 studuit;
1563 2087 1613 2133 in
1644 2097 1850 2134 sanctae
1891 2101 2015 2134 vero
2059 2084 2152 2134 Dei
2195 2088 2460 2152 genitricis

142 2177 334 2226 Mariae
377 2177 590 2225 ecclesia
631 2190 789 2240 supra
831 2174 987 2223 altare
1030 2176 1289 2223 ciborium
1332 2177 1575 2241 peregit“

320 2280 575 2331 Danduli
617 2278 974 2343 Chronicon,
1015 2280 1103 2330 lib.
1148 2278 1257 2337 Vll,
1301 2295 1342 2330 c.
1387 2282 1466 2347 15,
1507 2294 1638 2344 pars.
1686 2281 1749 2331 16
1790 2278 2081 2347 (Muratori,
2138 2278 2321 2345 Script.
2361 2295 2461 2335 rer,

142 2370 267 2438 Ital.,
307 2370 419 2438 XII,
466 2370 612 2435 157):
660 2369 820 2438 „Post
859 2367 986 2418 haec
1027 2369 1207 2418 Niceta
1266 2371 1510 2434 patricius
1552 2384 1675 2417 cum
1717 2371 1940 2418 exercitu
1983 2369 2048 2417 ad
2088 2344 2283 2417 tuenda
2342 2369 2457 2418 loca

145 2460 430 2509 Dalmatiae
470 2461 627 2516 venit,
672 2470 721 2507 et
760 2474 1069 2507 succursum
1116 2458 1362 2507 bellicum
1390 2475 1415 2506 a
1444 2457 1657 2507 Venetis
1684 2460 1976 2525 ,requisitus
2019 2458 2261 2525 obtinuit,
2288 2475 2451 2526 quem

141 2561 325 2614 postea
369 2548 612 2597 Venetias
654 2548 987 2596 accedentem
1032 2546 1353 2596 Fortunatus
1414 2545 1703 2612 patriarcha
1746 2548 2048 2612 praestolari
2091 2563 2198 2596 non
2241 2548 2464 2615 audens,

142 2641 192 2687 in
236 2638 505 2687 Franciam
551 2640 881 2704 properavit3
923 2650 972 2686 et
1010 2637 1238 2686 Joannes
1293 2636 1576 2702 Diaconum,
1617 2639 1705 2704 qui
1752 2639 2116 2702 episcopatum
2178 2638 2456 2699 invaserat,

143 2730 192 2776 in
235 2726 559 2794 patriarchali
601 2728 722 2776 sede
763 2738 1068 2793 surrogatus
1112 2737 1201 2775 est.
1244 2727 1343 2775 Hic
1379 2739 1495 2775 ante
1538 2737 1841 2776 sanctorum
1884 2741 2107 2791 corpora
2147 2736 2462 2795 martyrum,

144 2828 193 2866 et
233 2819 395 2866 sancti
436 2817 594 2866 Marci
639 2817 890 2883 capellam
936 2815 1126 2865 choros
1170 2831 1498 2865 marmoreos
1540 2818 1860 2881 composuit.
1905 2817 1949 2863 ei
1991 2815 2253 2864 columnis
2293 2817 2454 2864 etiam

143 2907 423 2974 decoravit,
465 2917 515 2955 et
555 2908 606 2954 in
648 2907 803 2955 altare
846 2907 1091 2955 ecclesiae
1133 2917 1341 2955 sanctae
1384 2905 1575 2954 Mariae
1619 2906 1878 2954 ciborium
1921 2902 2086 2954 fecit“

1159 3118 1270 3187 St.
1313 3119 1420 3187 31.

321 3216 470 3271 Med
514 3216 662 3271 806.
690 3215 751 3269 in
797 3216 934 3270 810.

322 3307 509 3374 PapeZ
539 3306 694 3360 Leon
738 3305 862 3374 (lll.)
906 3307 1029 3374 pise
1060 3306 1276 3375 cesarju
1309 3305 1534 3372 Karolu‚
1578 3304 1651 3359 da
1676 3305 1729 3374 je
1757 3303 1931 3374 prejel
1959 3304 2213 3375 njegovo
2243 3305 2460 3373 pismo,.

143 3397 191 3448 iz
234 3395 494 3465 katerega
533 3396 585 3464 je
628 3394 864 3461 izvedel,
908 3394 979 3448 da
1018 3395 1070 3463 je
1113 3393 1436 3449 nadskof
1477 3394 1835 3448 Fortunat
1886 3394 2050 3446 zarad
2094 3393 2456 3448 sovraznosti·

144 3485 342 3540 Grkov
383 3486 435 3538 in
480 3484 820 3538 Benecanov
862 3484 1038 3538 moral
1081 3483 1178 3538 kot
1218 3483 1487 3555 begunec
1527 3483 1782 3552 zapustiti
1826 3481 2182 3552 gradeski
2236 3481 2451 3549 otok,

145 3574 260 3643 kier
307 3575 358 3643 je
412 3573 537 3627 imel
594 3573 762 3642 svojo
820 3572 1020 3627 stolico
1073 3572 1151 3643 l».
1197 3615 1208 3625 .
1254 3616 1264 3626 .
1308 3574 1590 3642 quatenus
1638 3587 1675 3625 a
1722 3569 2023 3625 Gradense
2077 3571 2298 3637 insula,
2355 3571 2466 3626 ubi

142 3663 491 3716 Fortunatus
553 3662 1012 3731 archiepiscopus
1067 3677 1231 3715 suam
1282 3662 1576 3731 propriam
1633 3660 1826 3714 sedem
1879 3659 2087 3715 habere
2139 3659 2451 3726 videbatur,

139 3753 373 3820 propter
420 3751 864 3820 persecutionem
916 3748 1228 3805 Grecorum
1286 3766 1386 3805 seu
1436 3749 1819 3804 Veneticorum
1887 3749 2047 3804 exsul
2109 3765 2228 3804 esse
2290 3747 2459 3804 dino-

328 3912 359 3968 1)
390 3912 625 3969 Primerjaj
659 3914 814 3969 pismo
853 3914 1036 3970 papeia
1059 3913 1216 3958 Leona
1240 3913 1310 3958 111.
1344 3913 1407 3957 do
1435 3912 1612 3969 cesaria
1629 3911 2085 3966 Karola,vkatere1n
2107 3909 2227 3968 stoje
2259 3911 2435 3956 besede

149 3988 408 4043 „quatenus
443 4000 468 4030 a
502 3986 750 4031 Gradense
783 3987 949 4042 insula,
983 3987 1062 4032 ubi
1107 3989 1390 4032 Fortunatus
1424 3987 1811 4043 archiepiscopus
1843 3998 1977 4031 suam
2015 3986 2254 4042 propriam
2287 3985 2452 4030 sedem

149 4059 320 4105 habere
353 4060 612 4114 videbatur,
658 4063 851 4116 propter
883 4062 1262 4116 persecutionem
1298 4061 1560 4106 Grecorum
1595 4073 1678 4105 sen
1711 4059 2046 4106 Veneticorum
2081 4058 2212 4104 exsul
2245 4071 2348 4104 esse
2382 4058 2463 4102 di—

147 4134 398 4178 noscitur.“
432 4133 528 4190 (Ol.
562 4135 617 4179 st.
651 4134 741 4189 31).
778 4158 830 4166 -
866 4133 963 4179 Cfr.
997 4134 1321 4189 Miihlbacher,
1355 4135 1468 4192 Reg.
1501 4134 1546 4180 d.
1580 4133 1750 4189 Karol„
1783 4131 1840 4179 st.
1874 4134 1962 4178 414
1978 4132 2024 4179 b.

323 4210 360 4261 2)
395 4206 468 4252 Gl.
495 4206 550 4252 st.
583 4209 653 4253 27.
