2762 4458
1176 257 1240 315 St.
1268 270 1338 323 57,
1371 271 1442 315 58.
2409 271 2466 315 53

154 455 365 519 ducens,
416 453 478 500 ad
520 450 794 518 perfidiam
850 468 1221 519 quoscumque
1273 461 1477 517 poterat
1517 451 1611 499 sibi
1648 451 1893 503 sonabat.
1951 450 2074 500 Post
2114 453 2463 500 reversionem

152 558 274 590 sane
315 543 565 590 exercitus
607 558 632 589 e
678 541 979 589 Pannoniae
1027 539 1236 606 finibuS‚
1287 538 1568 590 Liudevito
1612 541 1662 586 in
1706 537 1920 604 perfidia
1970 555 2063 587 sua
2119 550 2473 606 permanente,

152 628 422 680 Cadolach
461 631 567 678 dux
606 629 984 679 Foroiuliensis
1026 631 1076 677 in
1119 628 1317 677 febrem
1372 628 1553 677 incidit
1593 639 1643 677 et
1681 629 1821 676 diem
1864 628 2111 676 ultimum
2175 629 2373 693 clausit,
2414 644 2472 677 ac

151 719 418 768 Baldricus
459 721 571 768 eius
611 719 731 768 loco
773 721 1035 771 successit.
1090 717 1196 778 Qui
1241 734 1363 767 cum
1414 719 1644 783 primum
1689 718 1739 764 in
1782 718 2099 782 provintiam
2145 719 2384 784 venisset,
2425 727 2475 765 et

154 806 478 858 Carantanas
549 808 910 875 ingrederetur
963 818 1160 875 partes,
1215 809 1394 871 copias
1449 805 1709 855 Liudeviti
1768 808 1907 854 iuxta
1959 805 2193 854 Dravum
2251 803 2473 854 fluvium

151 913 275 947 cum
315 900 497 962 paucis
537 912 761 946 suorum
802 894 954 961 fudit,
997 906 1047 944 et
1087 897 1320 962 reliquos
1361 900 1693 961 proturbans,
1734 911 1921 943 omnes
1963 897 2071 942 suis
2114 892 2305 943 finibus
2335 909 2472 942 sece-

150 986 273 1035 dere
313 986 567 1050 conpulit.
623 984 857 1051 Fugatus
911 1002 939 1034 a
993 984 1229 1034 Baldrico
1285 984 1611 1046 Liudevitus‚
1663 983 1867 1032 Bornae
1917 985 2142 1032 occurrit
2182 982 2472 1031 Dalmatiae

150 1075 272 1124 duci
313 1076 376 1123 ad
418 1072 707 1141 Colapium
748 1074 972 1125 fluvium
1013 1077 1333 1124 consistenti.
1394 1073 1495 1122 Sed
1536 1073 1726 1138 Roma,
1768 1072 2215 1122 Goduscanorum
2257 1069 2475 1137 perfidia

151 1181 216 1214 an
257 1167 446 1214 timore
487 1166 719 1214 desertus
761 1167 1036 1222 incertum,
1079 1179 1299 1213 suorum
1344 1174 1519 1211 tamen
1563 1165 1703 1211 iutus
1745 1163 1934 1212 auxilio
1973 1162 2266 1210 domestico
2297 1162 2473 1210 discri-

155 1270 277 1303 men
319 1247 602 1302 imminens
642 1265 787 1302 tutus
827 1255 1004 1310 evasit,
1046 1253 1139 1302 sed
1180 1264 1229 1301 et
1269 1253 1559 1301 desertores
1599 1268 1725 1301 suos
1767 1263 1948 1318 postea
1990 1251 2244 1316 subegit.“

328 1359 478 1408 Ann.
506 1357 670 1410 Fuld.
698 1358 763 1406 ad
803 1374 846 1410 a.
877 1359 984 1409 819
1026 1355 1172 1426 (MG.
1201 1356 1306 1424 SS.,
1342 1355 1377 1424 l,
1418 1357 1576 1423 357):
1607 1354 1840 1424 „Contra
1870 1356 2222 1405 Liudewitum
2257 1371 2474 1421 quoque

152 1445 397 1496 Sclavum
440 1450 491 1495 in
535 1446 807 1496 Pannonia
857 1447 1194 1496 rebellantem
1246 1448 1498 1495 exercitus
1539 1446 1602 1494 de
1646 1445 1787 1494 ltalia
1829 1448 2035 1501 missus,
2091 1444 2244 1492 rebus
2287 1459 2474 1509 parum

154 1552 402 1602 prospere
442 1539 614 1604 gestis,
654 1534 848 1585 infecto
889 1553 1022 1601 pene
1066 1539 1280 1601 negotio
1321 1551 1586 1602 regressus
1629 1542 1748 1586 est.“

329 1642 478 1692 Ann.
512 1656 557 1692 S.
595 1640 845 1692 Emmer.
880 1641 1101 1705 Ratisp.
1138 1641 1265 1692 mai.
1307 1641 1372 1689 ad
1413 1657 1456 1692 a.
1484 1642 1590 1692 819
1633 1638 1795 1709 (ibid.,
1836 1638 1870 1696 I,
1915 1639 2009 1689 93:
2061 1636 2326 1697 „Liudwit
2366 1651 2474 1685 car-

154 1730 354 1779 mulam
396 1729 636 1780 levavit.“
2490 1731 2492 1733 ’

1163 1868 1275 1955 st.
1336 1887 1465 1956 58.

332 2012 478 2079 819,
520 2027 785 2068 meseca
827 2013 1198 2069 decembra.

333 2116 567 2170 Meseca
609 2117 913 2171 decembra
954 2134 1016 2172 se
1057 2119 1108 2187 je
1154 2118 1451 2187 Liudevitu
1492 2117 1652 2171 zdela
1694 2117 2010 2186 priloinost
2052 2113 2359 2182 ugodnal),
2406 2112 2477 2166 da

151 2205 206 2275 je
249 2205 454 2259 mahnil
495 2223 527 2259 z
568 2209 783 2260 moeno
827 2207 1032 2277 vojsko
1076 2225 1110 2262 v
1152 2208 1464 2277 Dalmacijo
1515 2212 1596 2261 ter
1641 2208 1700 2276 jo
1743 2205 2026 2274 opustosil
2077 2221 2107 2257 z
2161 2205 2379 2256 mecem
2422 2203 2474 2255 in

161 2295 409 2366 ognjem.
474 2295 583 2350 Ker
623 2313 685 2350 se
727 2312 822 2351 mu
864 2297 1050 2352 Borna
1093 2298 1145 2351 ni
1190 2297 1321 2367 upal
1365 2296 1627 2366 postaviti
1671 2295 1941 2364 nasproti‚
2001 2295 2052 2364 je
2112 2293 2319 2362 spravil
2375 2307 2474 2345 vse

158 2385 319 2454 svoje
361 2385 729 2455 premakljivo
780 2387 963 2456 imetje
1006 2403 1039 2440 v
1082 2388 1244 2457 svoJe
1307 2387 1565 2458 gradove
1624 2390 1704 2439 ter
1759 2401 1831 2456 ga
1890 2384 2073 2439 odtod
2131 2387 2474 2452 neprestano

158 2473 514 2544 nadlegoval.
558 2473 595 2529 S
635 2476 857 2545 svojimi
901 2476 1240 2546 najboljsimi
1285 2478 1482 2531 cerami
1526 2492 1599 2546 ga
1636 2476 1688 2544 je
1721 2474 1961 2544 napadel
1993 2475 2145 2528 vcasi
2176 2489 2254 2542 po
2288 2473 2473 2539 dnevi,

170 2564 319 2617 vcasi
361 2579 441 2633 po
484 2566 631 2632 noci,
693 2566 848 2635 sedaj
894 2566 973 2620 od
1015 2566 1199 2636 zadaj,
1262 2566 1416 2635 sedai
1476 2570 1649 2634 zopet
1706 2565 1784 2619 od
1831 2563 2075 2633 spredaj.
2138 2547 2210 2617 Se
2260 2562 2384 2617 celo
2444 2579 2478 2615 v

161 2652 390 2723 njegovi
433 2653 610 2708 deieli
654 2671 749 2709 mu
791 2657 844 2709 ni
889 2655 975 2710 dal
1019 2657 1176 2709 miru.
1221 2655 1307 2710 Na
1349 2655 1550 2725 zadnje
1594 2671 1689 2710 mu
1729 2656 1781 2724 je
1824 2653 2034 2708 naredil
2078 2652 2261 2707 veliko
2292 2652 2475 2707 skode

162 2746 244 2795 ter
282 2758 356 2812 ga
395 2743 600 2812 prisilil‚
644 2745 718 2798 da
755 2745 808 2814 je
850 2746 1087 2814 zapustil
1131 2746 1388 2816 njegovo
1433 2745 1653 2799 dezelo.
1697 2743 2023 2798 SovraZniki
2067 2759 2134 2797 so
2181 2742 2474 2812 Ljudevitu

165 2830 344 2899 pobili
383 2834 529 2887 3000
571 2838 702 2888 moi
743 2839 824 2888 ter
865 2850 958 2888 mu
1002 2851 1168 2888 razen
1212 2839 1437 2904 prateia
1479 2835 1531 2888 in
1577 2849 1821 2904 raznega
1862 2833 2123 2903 drugega
2165 2832 2332 2901 plena
2372 2847 2475 2900 po-

164 2919 299 2974 brali
341 2923 444 2975 vec
485 2921 662 2977 kakor
701 2925 809 2977 300
851 2923 1002 2994 konj.
1063 2923 1150 2980 Κο
1192 2925 1244 2994 je
1289 2924 1477 2978 Borna
1518 2940 1588 2978 na
1628 2929 1680 2977 ta
1721 2923 1881 2977 nacin
1940 2927 2114 2991 zopet
2162 2921 2475 2976 osvobodil

162 3010 330 3079 svojo
370 3011 592 3080 zemlj0‚
633 3013 685 3081 je
713 3028 792 3081 po
821 3013 1118 3082 poslancih
1162 3014 1420 3068 naznanil
1463 3014 1699 3084 cesarju,
1743 3013 1838 3067 kar
1879 3029 1941 3067 se
1982 3014 2034 3082 je
2075 3013 2194 3067 bilo
2225 3012 2480 3083 zgodilo.

334 3116 483 3168 Ann.
519 3133 633 3182 reg.
668 3118 870 3170 Franc.
911 3118 1072 3189 (Ann.
1109 3118 1383 3188 Einhardi)
1434 3121 1498 3169 ad
1547 3138 1590 3169 a.
1628 3123 1734 3172 819
1785 3121 1887 3183 (ed.
1930 3118 1984 3172 F.
2016 3119 2203 3177 Kurze,
2248 3137 2299 3185 p.
2336 3115 2480 3186 l5l):

167 3206 267 3261 „At
304 3203 627 3256 Liudewitus
683 3211 1016 3258 occasionem
1072 3220 1291 3259 nanctus
1345 3226 1465 3259 cum
1510 3210 1678 3259 valida
1723 3226 1882 3258 manu
1942 3209 2254 3258 Decembrio
2298 3225 2477 3257 mense

161 3290 478 3342 Dalmatiam
522 3297 799 3363 ingressus,
844 3297 979 3348 ferro
1022 3310 1072 3349 et
1112 3301 1217 3365 igni
1260 3311 1446 3349 cuncta
1487 3300 1734 3351 devastat.
1776 3298 1878 3349 Cui
1921 3315 2043 3349 cum
2085 3298 2258 3347 Borna
2301 3316 2353 3346 se
2396 3315 2480 3363 pe-

161 3383 301 3431 nitus
340 3384 573 3448 inparem
618 3389 955 3453 conspiceret,
1004 3391 1183 3437 omnia
1227 3406 1319 3438 sua
1361 3390 1582 3439 castellis
1625 3390 1834 3438 inclusit
1874 3402 1923 3438 et
1963 3391 2073 3454 ipse
2115 3404 2235 3437 cum
2280 3388 2479 3437 delecta

162 3485 320 3519 manu
374 3487 515 3522 nunc
554 3489 582 3521 a
621 3483 767 3540 tergo
823 3493 963 3526 nunc
1004 3495 1031 3526 a
1073 3478 1227 3527 latere
1285 3481 1525 3528 insistens
1577 3479 1856 3528 Liudewiti
1915 3481 2093 3544 copias
2135 3489 2185 3527 et
2225 3488 2386 3526 noctu
2429 3488 2479 3525 et

164 3558 405 3619 interdiu,
445 3577 781 3631 quacumque
824 3577 1041 3631 poterat,
1087 3569 1327 3617 laceravit
1370 3586 1541 3636 neque
1584 3587 1708 3618 eum
1750 3570 1803 3618 in
1832 3586 1925 3618 sua
1969 3570 2237 3634 provincia
2280 3571 2478 3633 inpune

164 3649 349 3695 versari
391 3652 656 3717 permisit3
709 3653 773 3701 ad
814 3666 1104 3705 extremum
1148 3660 1289 3723 gravi
1344 3659 1541 3706 damno
1595 3658 1861 3708 adfectum
1917 3660 2128 3723 regione
2171 3674 2264 3706 sua
2308 3659 2479 3723 coegit

164 3736 424 3795 excedere,
478 3740 641 3789 tribus
690 3740 968 3792 hominum
1021 3746 1231 3795 milibus
1272 3748 1335 3795 de
1378 3750 1602 3796 exercitu
1647 3748 1782 3797 illius
1826 3746 2105 3796 interfectis
2148 3758 2197 3795 et
2235 3748 2476 3795 trecentis

163 3825 242 3872 vel
285 3842 348 3875 eo
390 3828 616 3893 amplius
658 3831 866 3880 caballis
907 3836 1068 3898 captis
1118 3846 1319 3900 praeter
1359 3839 1585 3885 sarcinas
1628 3849 1676 3886 et
1717 3838 1884 3902 spolia
1926 3837 2113 3885 diversi
2157 3838 2359 3901 generis
2402 3835 2477 3883 di-

162 3925 330 3979 repta;
386 3932 520 3982 quae
576 3918 797 3984 qualiter
845 3932 985 3988 gesta
1044 3922 1251 3988 fuerint,
1309 3941 1399 3990 per
1443 3926 1641 3992 legatos
1693 3944 1819 3975 suos
1876 3928 2178 3992 imperatori
2236 3927 2475 3974 nuntiare

163 4003 407 4054 curavit.“

343 4153 373 4206 ¹)
406 4150 625 4198 Morebili
671 4165 721 4198 se
761 4154 804 4210 je
838 4154 1080 4211 Lindevitu
1127 4157 1259 4203 zdela
1302 4159 1562 4215 priloinost
1596 4161 1792 4218 ugodna
1826 4163 1949 4214 zato,
1990 4161 2068 4206 ker
2102 4175 2152 4206 se
2187 4174 2214 4206 v
2249 4160 2475 4205 zimskem

163 4226 274 4269 casu
310 4226 354 4270 ni
389 4226 483 4271 bilo
518 4227 612 4272 bati
646 4227 945 4275 frankovskih
973 4230 1122 4288 vojsk.
