2762 4458
1195 272 1258 330 st.
1285 286 1385 338 407,
1418 284 1520 329 468.
2429 284 2518 329 363

200 465 383 532 ipsum
411 464 639 532 flumen
681 464 813 518 kuic
839 463 1125 532 confluvio
1168 462 1528 533 Erlaffarum
1564 464 1883 530 proximum
1928 465 2024 526 est,
2069 466 2125 516 et
2159 479 2379 517 sursum
2405 478 2514 516 ver-

197 568 295 607 sus
344 569 452 622 per
501 553 636 606 litus
683 553 880 630 *Ibisae
931 567 1109 622 usque
1161 553 1219 606 in
1271 553 1448 606 rivum
1508 554 1608 621 qui
1647 551 1857 606 dicitur
1894 552 2090 606 Zuclza
2134 555 2190 606 et
2221 568 2330 620 per
2364 553 2513 607 hunc

197 657 377 711 usque
417 643 475 696 in
517 643 759 695 montem
802 642 904 711 qui
962 641 1178 695 dicitur
1214 639 1564 695 Sclauanice
1603 641 1840 706 Ruznic‚
1900 641 1973 694 ab
2016 642 2286 695 orientali
2325 643 2513 695 autem

192 731 360 798 parte
410 731 548 784 litus
599 731 836 785 maioris
893 729 1161 798 Erlaffae
1217 744 1395 798 usque
1446 731 1503 783 in
1562 732 1836 783 montana
1873 732 2110 799 propter
2144 731 2512 784 munitionem

31 887 35 900 .
196 818 452 872 locorum
493 818 627 873 lzuic
680 819 986 872 donationi
1023 819 1319 871 terminum
1358 819 1684 884 statuimus,
1750 821 1805 872 et
1842 819 2118 887 quicquid
2154 820 2337 873 nostri
2374 820 2514 872 iuris

12 866 38 1010 l}
198 910 283 961 est
318 907 401 961 ad
439 907 774 961 donandum
814 907 969 975 infra
1010 907 1114 961 lzos
1154 907 1439 973 termin08‚
1482 907 1564 961 ad
1599 910 1857 962 sanctum
1887 895 2118 962 Petrum
2142 911 2516 977 sanctumque

27 981 39 1012 ¹
196 996 674 1050 Emmerammum
711 1002 989 1064 perpetuo
1047 997 1167 1050 iure
1209 996 1601 1050 contradimus
1618 1015 1637 1060 ,·
1692 1000 1749 1050 et
1782 998 1837 1051 si
1874 999 2060 1051 minus
2101 1013 2271 1066 quam
2323 996 2396 1050 VI
2431 1012 2511 1050 re-

187 1086 357 1155 gales
396 1086 586 1139 mansi
623 1085 864 1139 arabilis
903 1088 1088 1138 terrae
1128 1087 1309 1139 nostri
1358 1086 1504 1139 iuris
1544 1086 1698 1154 infra
1741 1088 2008 1141 terminos
2043 1087 2391 1156 prescriptos
2431 1088 2512 1139 in-

197 1175 465 1241 veniatur,
520 1174 622 1228 ubi
654 1176 911 1242 proxime
965 1174 1123 1228 iuxta
1160 1175 1518 1242 praedictum
1561 1176 1789 1230 castelli
1844 1177 2028 1230 locum
2069 1176 2401 1241 habeamus,
2448 1192 2513 1229 ex

194 1266 435 1333 utraque
473 1264 602 1333 ripa
645 1263 917 1332 Erlaffae
956 1264 1308 1331 suppleatur.
1355 1308 1364 1318 .
1412 1307 1421 1317 .
1467 1267 1541 1332 .“]

377 1352 573 1418 „Data
585 1353 655 1407 II.
669 1352 801 1407 idus
818 1355 925 1407 oct.
940 1369 1094 1406 anno
1108 1352 1435 1407 dominicae
1451 1355 1867 1409 incarnationis
1878 1354 1935 1408 D
1947 1353 1999 1408 C
2006 1353 2058 1408 C
2063 1353 2115 1408 C
2121 1353 2172 1408 C
2173 1353 2334 1406 LXX
2343 1352 2511 1418 VIIII,

194 1441 509 1495 indictione
542 1441 628 1507 Vl,
683 1458 835 1495 anno
891 1457 1014 1495 vero
1071 1442 1235 1511 regni
1285 1442 1525 1496 secundi
1582 1442 1814 1497 Ottonis
1863 1441 1987 1506 XV,
2051 1443 2273 1512 imperii
2323 1444 2512 1495 autem

202 1529 363 1584 VIIII
371 1549 390 1595 ,·
430 1532 617 1585 actum
658 1530 1099 1600 Radasponae.“

369 1618 584 1691 [lzvirna
609 1623 781 1671 listina
810 1640 840 1670 v
869 1621 1151 1670 driavnem
1188 1621 1370 1672 arhivu
1411 1641 1442 1671 v
1471 1621 1845 1675 Monakovem.
1876 1653 1942 1661 —
1988 1621 2513 1690 Hund-Gewold‚

190 1710 397 1777 Metrop
441 1709 621 1764 salisb.
650 1712 750 1776 (ed.
777 1711 949 1774 Mon.)
993 1711 1027 1775 1,
1070 1725 1203 1775 2523
1261 1711 1321 1773 11,
1376 1696 1531 1779 372;‘
1565 1711 1668 1778 (ed.
1697 1710 1840 1780 Rat.)
1883 1712 1919 1778 1,
1969 1713 2107 1779 1683
2169 1711 2229 1777 11,
2274 1715 2394 1776 259.
2440 1740 2508 1748 -

191 1800 450 1868 Lfinig,
490 1800 874 1867 Reichsarchiv,
914 1801 1153 1869 XVIIIa,
1197 1806 1322 1866 650.
1381 1832 1432 1839 ——
1477 1802 1682 1867 Ried‚
1730 1800 1861 1854 Cod.
1890 1802 2260 1868 dip1.Ratisb,
2304 1801 2340 1867 Ι,
2392 1805 2511 1852 106.

191 1919 261 1926 —
302 1889 447 1941 Mon.
474 1889 649 1959 Reice,
687 1890 966 1959 XXVIII³‚
1020 1906 1139 1958 227.
1180 1922 1249 1929 —-
1293 1891 1414 1944 MG.
1442 1891 1600 1958 Dipl„
1645 1891 1702 1958 11,
1745 1905 1866 1957 23¹,
1908 1890 1969 1945 ἔτ.
2001 1888 2145 1954 204.]

1177 2104 1288 2191 st.
1329 2121 1519 2191 468.

371 2276 519 2341 979,
562 2275 687 2330 dne
735 2277 827 2331 15.
859 2276 1164 2332 oktobra.
1210 2277 1516 2347 Saalfeld.1)

370 2363 547 2418 Cesar
589 2364 747 2419 Oton
791 2365 844 2420 ΙΙ.
877 2367 1065 2434 potrdi
1108 2368 1268 2421 vsled
1314 2368 1739 2438 posredovanja
1782 2369 2023 2438 svojega
2066 2367 2352 2434 neeaka2)‚
2398 2365 2508 2434 (ka-

191 2453 588 2524 rantanskega)
632 2455 885 2524 voivoda
930 2455 1123 2510 Otona
1179 2456 1442 2524 [„dilecti
1493 2457 1659 2512 ducis
1705 2457 1936 2512 Ottonis
1990 2458 2214 2525 nepotis
2269 2457 2507 2518 nostri“]

190 2543 243 2595 in
286 2543 635 2612 rezenskega
678 2544 838 2599 skofa
882 2544 1225 2615 Wolfganga
1266 2564 1331 2600 za
1374 2549 1500 2601 basa
1543 2551 1783 2616 svojega
1825 2547 2080 2617 Zivljenja
2123 2545 2507 2600 sabenskemu

189 2630 356 2685 skofu
398 2631 647 2686 Albuinu
706 2639 909 2700 posest
970 2634 1151 2688 dvora
1193 2634 1415 2702 Beljaka
1457 2653 1489 2688 v
1533 2636 1865 2705 Karantaniji
1913 2653 1942 2689 v
1986 2634 2333 2690 Hartwikovi
2377 2649 2507 2704 gro-

188 2721 278 2790 fiji,
322 2720 583 2790 katerega
626 2738 719 2775 mu
762 2728 813 2791 je
859 2723 931 2776 bil
975 2728 1040 2777 ΞΕ
1083 2725 1200 2794 prej
1247 2725 1335 2778 dal
1366 2743 1400 2778 v
1430 2726 1580 2779 fevd.
1626 2731 1673 2790 [„
1724 2770 1733 2780 .
1779 2770 1789 2780 .
1836 2770 1845 2780 .
1891 2729 1956 2780 ut
1977 2724 2273 2794 quandam
2301 2725 2507 2778 curtem

186 2826 336 2880 quae
379 2813 617 2865 vocatur
636 2811 840 2877 Fillac,
883 2815 942 2866 in
971 2816 1205 2883 regione
1229 2814 1569 2876 Karintana
1611 2818 1669 2870 in
1697 2818 1975 2870 comitatu
2001 2815 2308 2869 Hartvuici
2333 2815 2508 2868 sitam

186 2915 357 2969 quam
398 2903 457 2953 in
499 2899 846 2970 beneficium
889 2904 941 2955 ei
983 2903 1259 2958 donatum
1300 2904 1623 2971 habuimuS,
1669 2897 1778 2973 per
1807 2908 2063 2975 precepti
2102 2907 2296 2958 nostri
2329 2904 2506 2957 dona-

188 2990 401 3043 tionem
459 2989 657 3044 diebus
713 2993 859 3045 vitae
910 2996 1141 3047 nostrae
1180 2995 1730 3063 confirmaremus.“]
1791 2997 1976 3051 Razen
2031 2996 2210 3050 dvora
2253 3010 2347 3048 mu
2389 2993 2504 3047 tudi

188 3080 445 3147 prepusti
500 3082 759 3149 tamosnji
804 3082 943 3151 grad
1002 3083 1054 3136 in
1099 3083 1301 3137 cerkev
1345 3101 1374 3136 z
1417 3085 1594 3138 vsemi
1638 3085 2004 3153 priteklinami
2058 3091 2138 3138 ter
2180 3101 2277 3138 vse
2323 3083 2504 3137 davke

187 3168 239 3221 in
294 3168 585 3233 sluinosti,
643 3170 830 3223 katere
888 3187 955 3226 so
1015 3173 1210 3226 morali
1272 3173 1304 3225 k
1347 3179 1498 3227 temu
1557 3175 1741 3228 dvo'ru
1804 3175 2136 3244 odrajtovati
2190 3172 2502 3238 Henrikuss)

187 3257 419 3326 njegovi
476 3257 831 3327 ministerijali
890 3261 967 3314 od
1026 3261 1358 3331 podeljenih
1403 3263 1632 3318 {evdow
1687 3270 1738 3330 [ἢ
1785 3308 1794 3318 .
1841 3309 1849 3317 .
1896 3309 1905 3318 .
1949 3267 2015 3318 ut
2049 3266 2306 3317 securius
2342 3277 2504 3331 prae-

188 3343 402 3399 dictam
442 3349 654 3400 curtem
696 3347 886 3402 Fillac
926 3352 982 3403 et
1018 3351 1318 3406 castellum
1359 3368 1488 3406 cum
1529 3354 1778 3408 aeclesia
1821 3354 1964 3408 inibi
2000 3355 2332 3407 constructa
2373 3368 2503 3406 cum

187 3436 447 3490 omnibus
502 3437 942 3504 adpertinentiis
994 3443 1204 3494 teneret
1257 3445 1359 3507 (sc.
1389 3441 1713 3511 Albvvinus)
1761 3487 1770 3497 .
1816 3488 1825 3498 .
1873 3488 1882 3497 .
1929 3488 1938 3498 .
1984 3445 2067 3496 ita
2119 3444 2503 3496 concessimus

188 3526 244 3577 et
278 3525 751 3593 confirmavimus
791 3528 882 3582 illi
913 3546 1021 3598 per
1042 3530 1212 3584 huius
1235 3533 1492 3600 precepti
1518 3533 1892 3587 donationem
1924 3535 1979 3586 et
2003 3532 2501 3601 confirmationem

187 3612 392 3667 diebus
435 3615 582 3669 vitae
623 3620 867 3683 nostrae,
911 3620 977 3672 ut
1014 3635 1138 3673 eam
1174 3620 1480 3688 possideat
1518 3624 1574 3675 et
1610 3624 1803 3676 teneat
1842 3626 1898 3676 et
1935 3638 2097 3676 omne
2140 3622 2410 3677 tributum
2454 3621 2511 3673 et

183 3704 468 3757 servitium
510 3705 671 3772 quod
709 3706 983 3762 Heinrico
1026 3708 1109 3762 ad
1148 3710 1385 3763 eandem
1429 3713 1638 3765 curtem
1681 3728 1745 3766 ex
1787 3713 2060 3782 benefitio
2102 3713 2345 3766 militum
2372 3726 2498 3764 suo-

184 3805 306 3844 rum
342 3793 785 3860 persolvebatur,
839 3800 1237 3865 prenominato
1293 3800 1560 3867 episcopo
1604 3801 1865 3869 deinceps
1923 3817 1987 3854 ex
2027 3802 2247 3871 integro
2283 3799 2499 3867 persol-

187 3881 421 3947 vatur.“]

365 4033 396 4081 1)
430 4027 631 4075 Saalfeld
665 4030 707 4086 ie
743 4044 802 4075 na
835 4030 1027 4078 Saskem
1064 4034 1126 4079 ob
1162 4036 1254 4080 teki
1291 4034 1379 4080 San
1414 4037 1536 4081 blizu
1572 4038 1898 4086 Rudolstadta.

360 4106 397 4155 2)
434 4102 550 4147 Prav
585 4117 638 4147 za
672 4117 784 4159 prav
819 4105 1078 4152 bratraneC.
1114 4107 1190 4154 01.
1218 4110 1412 4154 dotiffino
1448 4111 1633 4167 opazko
1669 4113 1766 4168 pod
1803 4114 1858 4157 st.
1883 4114 1983 4159 466.

360 4180 395 4229 ³)
430 4175 500 4220 Tu
548 4177 783 4234 omenjeni
820 4180 993 4225 Henrik
1042 4182 1084 4237 je
1119 4183 1179 4227 bil
1214 4184 1420 4239 vojvoda
1470 4186 1768 4231 karantanski
1819 4188 1882 4232 od
1933 4188 2022 4234 leta
2056 4191 2156 4235 976.
2192 4204 2252 4247 pa
2298 4192 2359 4236 do
2396 4193 2499 4237 978.

183 4246 280 4292 Cir.
306 4250 362 4294 st.
386 4251 472 4294 454
509 4252 553 4295 in
587 4253 686 4297 464.
