2762 4458
1274 279 1337 335 St.
1363 292 1462 335 251.
2443 290 2527 334 187

213 475 284 529 da
311 490 378 529 so
410 474 595 528 reeeni
625 471 819 540 cesarii
861 469 1093 540 podelili
1126 469 1363 537 oglejski
1396 469 1580 523 cerkvi
1624 470 1947 523 imunitetne
1992 471 2234 537 pravice,
2278 471 2522 539 ljudstvu

213 566 266 619 in
309 563 650 617 duhovseini
694 578 764 630 pa
807 558 1124 614 svobodno
1153 558 1360 612 volitev
1403 557 1586 627 svojih
1632 558 1980 626 patriarhov;
2024 559 2138 612 tudi
2182 560 2232 627 je
2276 560 2394 613 bilo
2439 578 2525 613 za-

212 654 434 722 pisano,
479 651 550 705 da
579 666 658 704 so
701 648 1020 703 imenovani
1049 647 1243 716 cesarii
1276 647 1606 702 osvobodili
1648 647 1996 715 podloinike
2036 649 2293 718 oglejSke
2322 649 2526 703 cerkve

210 742 354 795 Zitne
397 742 450 795 in
492 738 745 794 Zivinske
787 737 1056 801 desetine‚
1116 735 1290 790 kakor
1330 736 1445 790 tudi
1489 736 1771 805 senskega
1814 737 1996 790 davka
2040 739 2116 790 od
2161 739 2281 791 tiste
2325 740 2524 805 iivine,

213 832 396 885 katera
438 830 493 884 bi
539 846 600 883 se
643 829 722 882 sla
764 831 885 895 past
927 842 958 876 v
1002 824 1157 890 Istro,
1200 826 1251 878 in
1297 842 1367 893 pa
1411 825 1482 878 da
1525 842 1594 879 ne
1623 841 1742 879 sme
1786 826 1948 879 nihffie
1980 827 2056 880 od
2102 828 2236 896 ljudi
2267 828 2523 897 oglejske

213 920 415 974 cerkve
455 918 723 973 zahtevati
766 916 1097 985 prenoeisffia
1140 915 1192 968 in
1237 901 1390 968 krrne
1433 932 1495 968 za
1537 915 1741 982 vojsko
1785 933 1951 969 razen
1993 916 2181 980 takrat,
2240 917 2411 970 kadar
2467 918 2521 970 bi

215 1010 383 1078 prisla
424 1026 456 1062 v
499 1006 667 1078 Oglej
711 1005 878 1075 vojna
935 1007 1151 1073 pomo&
1191 1003 1556 1058 frankovskih
1600 1005 1882 1074 vladarjev
1937 1005 2002 1057 ali
2059 1023 2131 1072 pa
2188 1005 2299 1075 njih
2358 1007 2523 1060 sinov

214 1099 379 1154 zarad
421 1097 639 1166 napada
692 1095 904 1164 kakega
958 1093 1305 1148 sovrainika.
1369 1093 1493 1161 [„In
1550 1094 1756 1163 quibus
1806 1096 2220 1161 continebatur,
2277 1096 2530 1165 qualiter

214 1188 385 1243 iidem
435 1185 837 1258 gloriosissimi
892 1184 1130 1253 augusti
1185 1183 1519 1252 praefatam
1576 1183 1874 1238 ecclesiam
1928 1200 2129 1238 sacrae
2187 1186 2342 1238 sedis
2401 1201 2525 1239 cum

214 1277 461 1332 ecclesiis
514 1273 950 1343 baptismalibus
990 1274 1163 1343 atoue
1203 1272 1597 1327 cardinalibus
1650 1274 1764 1327 sive
1820 1289 1944 1327 cum
1988 1317 1997 1326 .
2042 1317 2053 1328 .
2099 1318 2108 1328 .
2155 1276 2211 1328 et
2264 1274 2525 1328 omnibus

210 1366 373 1421 rebus
411 1365 688 1435 laicisque
745 1362 861 1418 sibi
910 1363 1171 1418 subiectis
1226 1361 1331 1416 sub
1387 1362 1762 1417 immunitatis
1818 1363 2151 1432 defensione
2213 1365 2527 1418 consistere

198 1454 508 1523 fecissent:
552 1457 608 1507 et
630 1453 791 1524 quod
813 1453 1104 1507 licentiam
1136 1453 1316 1507 eidem
1342 1456 1541 1507 sancto
1568 1453 1691 1507 loco
1717 1454 2104 1519 contulissent,
2132 1454 2278 1507 clero
2308 1454 2530 1508 scilicet

211 1546 267 1597 et
295 1543 526 1614 populo,
569 1543 1042 1613 quandocumque
1092 1545 1404 1597 necessitas
1453 1543 1782 1610 pulsaverit,
1822 1544 2130 1597 secundum
2185 1544 2522 1597 canonicam

209 1632 616 1687 institutionem
646 1648 713 1685 ex
735 1648 797 1686 se
828 1633 968 1702 ipsis
1003 1633 1332 1702 pontificem
1361 1631 1617 1702 eligendi
1655 1634 1712 1686 et
1748 1634 1806 1687 in
1842 1634 2119 1703 praefata
2147 1632 2283 1687 sede
2313 1633 2523 1686 consti-

208 1721 417 1775 tuendi.
467 1719 920 1776 Continebatur.
953 1766 1007 1777 ..
1050 1725 1117 1776 ut
1167 1723 1425 1777 homines
1467 1722 1718 1776 eiusdem
1761 1722 2026 1777 ecclesiae
2068 1723 2139 1776 de
2179 1738 2412 1776 annona
2471 1724 2529 1775 et

205 1809 277 1864 de
308 1811 535 1878 peculio
574 1816 678 1865 suo
723 1811 976 1866 decimas
1015 1813 1074 1866 in
1110 1814 1333 1882 partem
1364 1813 1506 1882 fisci
1543 1813 1710 1881 (non)
1754 1812 1994 1866 darent:
2041 1829 2143 1867 nec
2184 1812 2254 1866 de
2289 1813 2521 1883 peculio

202 1901 382 1967 ipsius
422 1901 704 1967 ecclesiae,
744 1901 904 1970 quod
941 1904 998 1956 in
1035 1905 1230 1972 partes
1269 1902 1565 1957 Istrienses
1605 1904 1665 1957 in
1700 1918 1924 1971 pascna
1964 1902 2306 1968 mittebatur,
2335 1903 2514 1956 ullum

200 1993 491 2044 servarent
526 1991 909 2045 herbaticum:
952 1994 1008 2046 et
1045 2008 1080 2045 a
1117 1994 1426 2063 praefatae
1456 1993 1726 2047 ecclesiae
1751 1992 2075 2047 hominibus
2107 1993 2527 2047 mansionatici

205 2080 288 2133 vel
312 2079 526 2149 fodera
568 2081 897 2136 nullatenus
938 2082 1331 2150 acciperentur
1367 2083 1452 2136 vel
1490 2083 1859 2153 exigerentur,
1901 2083 2017 2137 nisi
2055 2082 2293 2159 quando
2322 2098 2522 2152 regum

205 2170 290 2223 vel
325 2170 730 2238 imperatorum
774 2169 1025 2226 eiusdem
1066 2172 1231 2241 regni
1267 2174 1374 2226 aut
1397 2164 1663 2241 filiorum
1689 2188 1922 2226 suorum
1949 2173 2033 2226 ad
2058 2173 2315 2226 eamdem
2341 2172 2526 2242 fieret

203 2259 485 2313 civitatem
514 2259 862 2328 (adventus),
907 2261 990 2315 vel
1022 2261 1379 2328 praesidium
1419 2262 1559 2317 illuc
1593 2264 1833 2332 propter
1867 2263 2226 2317 inimicorum
2274 2262 2523 2316 insidias

197 2350 572 2418 poneretur.“]
626 2349 796 2404 Vsled
841 2353 1075 2420 prosnje
1119 2351 1390 2418 patriarha
1432 2351 1693 2420 Valperta
1749 2353 1993 2422 potrjuje
2053 2353 2170 2407 tudi
2229 2368 2304 2407 on
2364 2352 2515 2421 (kralj

206 2437 482 2506 Karlman)
551 2454 629 2506 po
692 2439 902 2508 zgledu
969 2440 1155 2509 svojih
1223 2441 1543 2510 prednikov
1607 2441 1846 2513 oglejski
1904 2443 2088 2496 cerkvi
2157 2449 2208 2496 te
2276 2443 2516 2510 pravice.

206 2524 476 2597 Oglejska
518 2528 874 2583 duhovsbina
918 2531 969 2583 in
1013 2530 1260 2599 ljudstvo
1304 2537 1478 2585 smeta
1523 2547 1601 2599 po
1646 2531 1985 2586 kanonienih
2031 2531 2324 2601 predpisih
2368 2533 2516 2587 voliti

208 2615 493 2685 patriarha.
538 2618 773 2687 Kraljevi
816 2618 1083 2683 fevdniki‚
1140 2621 1469 2690 izterjevalci
1529 2621 1757 2675 davkov
1818 2623 1870 2676 in
1929 2622 2205 2691 sodnijSki
2263 2622 2516 2676 uradniki

127 2705 130 2709 '
208 2721 279 2760 ne
319 2707 497 2777 smejo
540 2709 631 2762 niti
675 2710 754 2763 od
799 2710 1057 2780 oglejske
1100 2711 1304 2765 cerkve
1347 2713 1516 2781 terjati
1561 2712 1740 2765 davka
1785 2730 1846 2765 za
1890 2728 2052 2778 sen0,
2097 2713 2188 2766 niti
2221 2712 2298 2766 od
2327 2712 2514 2782 njenih

206 2795 561 2863 prebivalcev
602 2799 747 2853 Zitne
789 2801 842 2853 in
885 2801 1135 2854 Zivinske
1179 2802 1462 2867 desetine;
1508 2802 1624 2856 tudi
1668 2819 1738 2856 ne
1782 2803 1962 2870 smej0
2024 2803 2101 2856 od
2164 2803 2276 2871 njih
2332 2803 2516 2856 zabte-

203 2883 306 2936 vati
346 2885 399 2939 in
441 2886 692 2942 dobivati
735 2891 1071 2957 prenoeis‘ea
1112 2892 1164 2945 in
1209 2891 1362 2945 krme
1403 2909 1467 2945 za
1510 2893 1716 2960 vojsko
1767 2908 1933 2946 razen
1991 2892 2175 2958 takrat,
2234 2892 2405 2946 kadar
2460 2892 2515 2946 bi

203 2972 368 3041 prise!
409 2975 481 3044 tja
521 2978 615 3042 (na
658 2979 923 3048 oglejsko
967 2981 1196 3050 zemljo)
1241 2997 1317 3035 on
1361 2998 1477 3035 sam
1522 2981 1825 3049 (Karlman)
1870 2982 1935 3034 ali
1981 2999 2052 3050 pa
2106 2982 2272 3035 kateri
2331 2982 2514 3035 izmed

201 3062 471 3133 njegovih
514 3066 682 3122 sinov
723 3069 789 3121 ali
834 3085 922 3136 pa,
964 3069 1074 3123 ako
1119 3070 1173 3124 bi
1219 3069 1334 3124 bilo
1378 3070 1533 3124 treba
1576 3071 1740 3124 zafad
1785 3071 2086 3125 sovraZnih
2132 3070 2400 3139 napadov
2445 3074 2513 3139 tja

203 3155 405 3223 poslati
450 3154 765 3226 kraljevsko
809 3158 1094 3226 posadkO.
1141 3158 1318 3226 [‚,Per
1344 3159 1503 3230 quod
1525 3160 1920 3214 constituimus
1946 3162 2117 3230 atque
2153 3160 2524 3228 perhenniter

188 3242 425 3311 firmum
454 3245 587 3314 fore
629 3246 899 3312 volumu3‚
942 3251 1006 3302 ut
1043 3251 1390 3310 memoratae
1433 3250 1678 3304 civitatis
1720 3250 1907 3303 clerus
1961 3266 2032 3304 ac
2082 3251 2290 3319 populi
2349 3250 2514 3303 licen—

201 3332 339 3387 tiam
379 3333 634 3390 habeant
667 3337 976 3391 secundum
1019 3340 1356 3393 canonicam
1399 3339 1810 3393 institutionem
1867 3339 2120 3409 eligendi
2167 3339 2280 3394 sibi
2329 3341 2514 3408 ponti-

188 3422 379 3490 ficem.
421 3422 818 3493 Praecipimus
859 3428 1031 3481 etiam
1057 3431 1227 3498 atque
1267 3430 1537 3494 iubemus,
1579 3431 1645 3483 ut
1682 3445 1844 3483 nemo
1876 3429 2150 3496 fidelium
2190 3433 2514 3483 nostrorum
2574 3492 2575 3495 Ἴ

202 3511 283 3565 vel
320 3513 561 3582 quilibet
598 3519 827 3569 exactor
862 3519 967 3569 aut
1003 3518 1214 3587 aliquis
1256 3534 1322 3572 ex
1360 3521 1667 3573 iudiciaria
1704 3522 1989 3586 potestate
2028 3536 2132 3573 nec
2173 3521 2245 3573 a'e
2281 3521 2512 3586 peculio

195 3603 501 3672 praefatae
542 3605 810 3659 ecclesiae
850 3606 1218 3672 herbaticum,
1261 3624 1365 3662 nec
1407 3609 1476 3661 de
1517 3625 1790 3661 annonna
1834 3611 1889 3662 et
1936 3610 2164 3676 peculio
2221 3610 2511 3663 hominum

200 3691 378 3757 ipsius
419 3693 692 3748 ecclesiae
734 3694 1027 3762 decimam,
1069 3713 1172 3751 nec
1214 3698 1287 3751 ab
1318 3699 1397 3751 eis
1423 3700 1869 3752 mansionaticos
1905 3715 1973 3752 ac
2001 3699 2248 3769 foderas
2286 3700 2516 3768 penitus

201 3782 454 3847 accipere
496 3783 579 3837 vel
618 3786 840 3853 exigere
875 3789 1226 3852 praesumat,
1270 3788 1383 3840 nisi
1411 3789 1568 3858 forte
1609 3788 1840 3856 quando
1883 3791 2081 3841 noster
2116 3790 2221 3841 aut
2267 3789 2516 3841 alicuius

188 3868 316 3937 filii
351 3874 533 3926 nostri
571 3873 710 3927 illuc
739 3875 927 3943 fuerit
965 3874 1256 3934 adventus.
1305 3877 1389 3929 vel
1427 3878 1661 3946 quando
1699 3877 2052 3943 praesidium
2095 3879 2214 3931 illic
2259 3879 2513 3944 positum

190 3959 373 4027 suerit
397 3961 480 4013 ad
517 3962 872 4016 inimicorum
915 3964 1338 4031 infestationem
1376 3967 1888 4034 propellendam.‘·]
1934 3967 2236 4035 Kraljevski
2266 3967 2511 4020 fevdniki

199 4047 251 4100 in
293 4050 517 4103 sodniki
561 4066 630 4104 ne
674 4053 854 4120 smejo
900 4053 1094 4106 nikdar
1136 4070 1203 4107 na
1245 4056 1425 4123 zemlji
1471 4055 1727 4122 oglejske
1766 4055 1985 4122 cerkve,
2031 4073 2060 4106 v
2107 4058 2294 4126 njenih
2327 4074 2512 4111 samo-

200 4136 395 4200 stanih,
426 4139 716 4207 gostiseih,
746 4139 921 4194 farnih
956 4142 1194 4195 cerkvah
1241 4143 1291 4195 in
1339 4144 1727 4211 podruznicah
1760 4150 1838 4197 ter
1869 4162 1934 4197 na
1966 4146 2169 4214 drugih
2215 4148 2508 4215 posestvih

201 4226 697 4291 [„in'monasteria
734 4230 1041 4299 praefatae
1078 4233 1349 4286 ecclesiae
1387 4234 1640 4287 subiecta
1685 4236 1740 4287 et
1775 4235 2135 4289 xenodochia
2167 4239 2221 4289 et
2245 4238 2512 4290 ecclesias
