2762 4458
309 213 395 255 232
1301 199 1363 254 st.
1390 210 1490 263 305,
1522 210 1623 254 306.

311 389 439 460 groi
480 407 512 440 ν
556 388 816 441 Vzhodni
861 387 1043 440 marki.
1092 387 1200 442 Kot
1241 387 1329 440 tak
1367 388 1419 457 je
1450 388 1672 440 veekrat
1713 390 2079 456 nasprotoval
2123 388 2436 442 bavarskim
2481 391 2608 444 veli-

312 479 500 532 kasem
541 483 621 541 ter
662 477 704 529 si
750 476 990 544 nakopal
1035 475 1146 543 njih
1188 477 1333 543 je20.
1381 475 1465 529 Κο
1507 476 1558 543 je
1590 475 1790 544 nekdaj
1836 477 2192 544 neprevidno
2236 478 2402 544 prise!
2430 495 2464 531 ν
2493 479 2610 532 kra-

308 568 455 637 ljevo
501 566 696 634 palaeo
741 581 773 616 ν
817 564 1080 629 Reznem,
1137 579 1203 617 so
1247 579 1319 631 ga
1371 563 1548 618 dobili
1606 565 1950 632 nasprotniki
1992 582 2025 617 v
2068 571 2193 633 pest
2234 571 2313 618 ter
2365 582 2435 634 ga
2476 567 2610 620 brez

308 655 570 710 vednosti
614 655 779 722 kraIJa
817 652 1046 706 Arnulfa
1087 652 1336 707 obsodiii
1378 653 1431 706 in
1475 653 1712 721 osiepili.

486 756 886 826 Engilskalkov
917 757 1207 810 bratranee
1249 756 1589 810 wilhelm
1630 757 1681 823 je
1725 758 1908 824 poslal
1939 758 2100 826 svoje
2128 759 2399 826 poslance
2430 758 2463 811 k
2492 759 2609 826 voj-

309 848 467 901 vodu
509 845 880 915 Svetopolku,
941 847 1034 899 kar
1088 847 1154 914 ie.
1185 846 1311 914 kralj
1355 845 1551 899 Arnulf
1592 845 1776 899 kmalu
1820 846 2036 899 zvedel.
2091 846 2230 900 Zato
2271 848 2323 915 je
2365 847 2439 900 bil
2482 846 2608 899 Wil-

308 936 455 990 helm
499 936 595 989 kot
636 934 1002 1003 veleizdajnik
1045 935 1293 1003 obsojen
1336 935 1389 987 in
1435 935 1780 1003 obglavljen.

484 1039 827 1093 Wilhelmov
854 1038 990 1103 brat,
1033 1038 1381 1093 karantanski
1413 1038 1541 1108 grof
1582 1038 1678 1094 Ru
1701 1056 1736 1093 o
1757 1040 1791 1093 d
1814 1056 1898 1108 pe
1919 1045 1972 1092 rt
1992 1042 2052 1105 ,1)
2093 1041 2144 1108 ie
2188 1039 2332 1093 bival
2362 1039 2458 1094 kot
2487 1055 2611 1108 pre·
2671 1050 2677 1055 ·
2739 1055 2741 1058 ⁴

309 1145 529 1197 gnanec
570 1145 638 1182 na
680 1127 1059 1193 Moravskem,
1103 1128 1218 1196 kier
1257 1129 1310 1196 je
1354 1145 1424 1196 pa
1466 1128 1540 1182 bil
1570 1129 1731 1182 vsled
1776 1129 1954 1183 ukaza
1996 1129 2330 1199 ondotnega
2359 1129 2612 1198 vojvoda

308 1235 337 1270 z
379 1218 651 1288 mnogimi
694 1216 934 1286 drugimi
978 1216 1116 1270 vred
1159 1218 1485 1286 umorJen.2)

482 1339 631 1391 Ann.
662 1337 823 1390 Fuld.
854 1336 914 1405 V,
954 1338 1017 1386 ad
1047 1355 1090 1391 a.
1120 1337 1222 1403 893
1267 1337 1405 1405 (MG.
1448 1337 1554 1405 SS.,
1594 1338 1629 1405 1,
1669 1339 1794 1405 408,
1837 1354 1969 1405 409:
2014 1339 2423 1407 „Engilscalcus‚
2466 1343 2612 1389 iuve-

306 1428 395 1476 nili
437 1428 644 1476 audatia
687 1429 777 1484 vir,
821 1429 911 1493 qui
954 1438 1091 1492 post,
1133 1438 1278 1492 rapta
1319 1427 1382 1476 de
1424 1429 1718 1477 concubina
1759 1431 1893 1496 regis
1934 1427 2054 1497 filia,
2094 1429 2159 1477 ad
2185 1439 2394 1496 tempus
2423 1446 2476 1478 se
2500 1429 2611 1478 Ma·

306 1533 456 1566 ravos
498 1517 615 1565 exul
658 1517 893 1575 contulit,
935 1526 1057 1581 post
1097 1515 1223 1565 haec
1264 1517 1328 1565 ad
1369 1519 1588 1584 gratiam
1630 1520 1761 1583 regis
1804 1534 1912 1567 uon
1953 1519 2174 1585 longum
2217 1521 2448 1584 veniens,
2476 1535 2610 1568 mar-

305 1609 469 1656 censis
523 1609 571 1654 in
617 1604 831 1655 Oriente
887 1604 1098 1655 effectus
1152 1596 1240 1657 est}
1298 1605 1372 1655 Ibi
1429 1607 1673 1656 audacter
1730 1617 1910 1656 contra
1951 1610 2208 1674 primores
2248 1607 2515 1657 Baioariae
2557 1611 2608 1657 in

303 1698 458 1745 rebus
511 1696 605 1744 sibi
647 1695 941 1744 summissis
983 1711 1156 1763 agens,
1215 1695 1408 1744 iudicio
1452 1711 1655 1756 eorum,
1699 1695 1999 1745 Radisbona
2056 1698 2183 1746 urbe
2226 1699 2428 1747 incaute
2470 1698 2611 1764 pala-

302 1788 434 1834 tium
477 1787 609 1850 regis
651 1786 928 1851 prolapsus
970 1801 1065 1833 nec
1106 1787 1211 1850 regi
1254 1795 1627 1852 praesentatus,
1684 1787 1993 1835 obcaecatus
2035 1798 2126 1837 est.
2185 1787 2324 1836 Hinc
2365 1790 2519 1837 etiam
2563 1799 2612 1837 et

306 1873 678 1933 willihelmus,
721 1871 859 1922 filius
900 1875 1146 1940 patruelis
1188 1876 1315 1940 eius,
1357 1876 1544 1922 missos
1585 1891 1710 1923 suos
1736 1875 1801 1923 ad
1827 1873 2234 1924 Zuentibaldum
2275 1877 2466 1926 ducem
2492 1877 2610 1926 diri-

304 1981 448 2031 gens,
490 1979 608 2012 reus
650 1965 930 2012 maiestatis
971 1963 1277 2024 habebatur,
1322 1965 1487 2030 capite
1529 1964 1865 2013 detruncatus
1907 1974 1996 2014 est.
2037 1963 2214 2013 Frat'er
2253 1982 2470 2033 quoque
2500 1968 2611 2016 eius

306 2070 426 2102 cum
466 2052 759 2102 Maravanis
815 2053 933 2101 exul
974 2052 1283 2108 delitiscens,
1344 2053 1597 2101 insidioso
1655 2055 1875 2103 consilio
1918 2054 2065 2103 ducis
2108 2070 2228 2103 cum
2277 2055 2387 2103 aliis
2429 2071 2611 2122 quam·

304 2143 545 2209 plurimis
587 2141 887 2191 interfectus
929 2149 1053 2195 est.“

479 2248 630 2300 Ann.
672 2250 856 2300 Alam.
901 2247 964 2295 ad
1006 2265 1050 2298 a.
1083 2247 1185 2313 893
1231 2246 1284 2316 (l.
1312 2263 1371 2302 c,
1416 2246 1450 2303 1,
1499 2250 1612 2314 53ss
1660 2246 1946 2306 „Arnolfus
1987 2250 2037 2296 in
2076 2247 2309 2299 Maratha.
2350 2247 2606 2298 Wilhelm

305 2338 522 2402 occisuS‚
566 2335 897 2402 Engilscalch
938 2334 1271 2387 obcecatur.“

479 2442 630 2491 Ann.
660 2441 904 2491 Laubac.
938 2441 1000 2489 ad
1029 2459 1070 2492 a.
1100 2441 1199 2506 893
1246 2439 1297 2509 (l.
1330 2456 1390 2507 c.‚
1432 2440 1465 2493 I.
1516 2442 1634 2507 53):
1694 2440 2019 2510 „Engilscalc
2062 2443 2356 2495 obcecatum
2419 2441 2609 2491 Iterum

303 2528 494 2579 Arnolf
531 2532 580 2578 in
624 2529 851 2597 Maraha,
892 2541 941 2578 et
981 2529 1235 2578 Wilhelm
1280 2529 1582 2583 occiditur.“

1064 2852 1066 2855 ‚
1280 2741 1388 2829 st.
1444 2759 1632 2828 306.

479 2915 627 2982 893,
670 2915 795 2970 dne
824 2917 926 2977 22.
957 2914 1264 2971 oktobra.
1310 2915 1655 2972 Ranshofen.

482 3019 622 3088 Kralj
667 3018 860 3073 Amuli
903 3018 1099 3087 podeli
1143 3020 1301 3073 vsled
1347 3022 1579 3089 prosnje
1622 3022 1861 3091 svojega
1903 3021 2133 3092 liubega
2177 3029 2344 3091 opata
2374 3023 2606 3093 Snelpe-
2645 3079 2649 3083 ,
2730 3050 2735 3057 ·

306 3124 444 3162 rona
487 3108 1130 3162 kremsmi'insterskemu
1161 3116 1488 3164 samostanu
1517 3109 1778 3164 nekatera
1806 3116 2092 3179 posestva,
2138 3112 2321 3167 katera
2347 3128 2414 3167 so
2442 3113 2605 3167 zarad

304 3197 610 3266 veleizdaje
652 3197 879 3267 izgubili
924 3199 1106 3266 meina
1149 3199 1309 3266 grofa
1351 3199 1610 3252 wilhelm
1654 3201 1705 3253 in
1750 3201 2069 3271 Engilskalk
2107 3209 2188 3256 ter
2230 3204 2380 3271 njuni
2424 3205 2608 3257 sinovi

303 3286 354 3339 in
400 3287 726 3341 nasledniki.
790 3287 865 3340 Ta
909 3295 1180 3355 posestva
1222 3305 1251 3339 z
1294 3287 1580 3342 dotienimi
1624 3289 1919 3357 cerkvami,
1963 3290 2309 3357 desetinami‚
2353 3292 2605 3361 poslopji

303 3376 354 3428 in
399 3375 733 3443 podloiniki
778 3376 1030 3446 obojega
1074 3377 1237 3444 spola
1280 3393 1347 3431 so
1391 3393 1452 3430 se
1484 3377 1732 3447 nahajala
1761 3395 1792 3431 v
1818 3380 2179 3449 Manternu,³)
2211 3382 2289 3435 ob
2323 3382 2606 3450 Kampuft)

305 3465 483 3532 poleg
543 3465 963 3534 PetschlingaS)
1029 3471 1108 3519 ter
1151 3482 1228 3534 po
1292 3467 1496 3535 drugih
1561 3467 1730 3536 krajih
1775 3469 2127 3538 Bavarskega
2190 3473 2241 3524 in
2305 3470 2605 3540 Slovenije.

304 3556 376 3621 [‚‚.
422 3598 433 3608 .
477 3598 487 3608 .
530 3571 637 3608 nos
676 3556 959 3624 quasdam
1000 3572 1088 3609 res
1127 3557 1268 3610 iaris
1307 3558 1488 3611 nostri
1512 3557 1582 3610 ob
1609 3558 1985 3627 quorumdam
2015 3559 2383 3630 infidelitatis
2409 3562 2605 3615 contra

483 3720 514 3772 ¹)
548 3719 642 3765 Kot
674 3718 750 3762 tak
782 3719 824 3775 je
859 3719 1075 3776 omenjen
1109 3732 1135 3762 ν
1170 3719 1275 3763 neki
1308 3719 1448 3764 listini
1483 3719 1625 3777 krah‘a
1656 3721 1864 3766 Arnulfa.
1898 3721 1991 3778 (Gl.
2017 3724 2074 3767 st.
2098 3723 2220 3775 300.)

479 3794 515 3843 2)
550 3793 778 3837 Posestva
826 3793 901 3838 teh
950 3793 1225 3838 bratrancev
1276 3806 1330 3837 so
1379 3793 1592 3848 pripadla
1642 3794 1800 3850 kralju,
1851 3795 1992 3840 kateri
2038 3796 2100 3852 jih
2134 3796 2178 3852 je
2212 3796 2398 3842 deloma
2430 3796 2605 3853 podelil

304 3865 836 3911 kremsmiinsterskemu
872 3869 1145 3912 samostanu
1181 3868 1273 3911 dne
1307 3868 1378 3911 22.
1406 3867 1607 3912 oktobra
1638 3868 1728 3913 leta
1761 3869 1862 3914 893.
1894 3869 1988 3926 (Gl.
2015 3871 2070 3915 st.
2095 3870 2214 3925 306.)

478 3945 513 3982 31
544 3941 875 3997 Eporespurch
923 3942 966 3998 je
998 3942 1179 3997 sedanji
1213 3942 1430 3986 Mautern
1479 3942 1623 3999 poleg
1654 3944 1852 3988 Donave
1901 3957 1960 3988 na
1994 3944 2244 4000 Dolenjem
2277 3944 2607 4001 Avstrijskem.

305 4014 399 4059 Cfr.
429 4015 749 4070 Miihlbacher,
784 4016 840 4061 st.
870 4017 983 4062 1890
1015 4016 1194 4071 (1839):
1233 4015 1546 4071 „Muotarum,
1581 4030 1702 4074 quae
1736 4018 2062 4075 Eparespurch
2097 4020 2404 4063 nominaturf‘

481 4092 516 4143 4)
553 4090 733 4134 Cambe
766 4090 806 4146 je
840 4090 950 4135 reka
983 4090 1149 4146 Kamp,
1185 4090 1226 4133 ki
1260 4103 1311 4134 se
1345 4091 1568 4135 vzhodno
1604 4092 1666 4135 od
1703 4092 1897 4139 Kremsa
1930 4093 2065 4137 izliva
2095 4106 2122 4136 ν
2154 4093 2375 4137 Donavo.

478 4168 510 4196 5¹
548 4166 843 4210 Persiniacha
875 4165 916 4221 je
950 4165 1236 4219 Petschling,
1269 4165 1311 4209 ki
1346 4166 1564 4210 zahodno
1600 4166 1662 4210 od
1695 4167 1846 4211 Tulna
1879 4168 1980 4212 teee
2012 4180 2042 4211 v
2074 4168 2292 4212 Donavo.

2726 4006 2751 4039 θ
