2762 4458
1158 289 1223 347 st.
1255 302 1356 355 259,
1390 300 1492 345 260.
2389 298 2472 343 195

163 487 381 542 oblasti.
423 483 696 552 Svojemu
740 481 958 535 necaku
998 478 1233 534 Arnulfu
1272 480 1325 549 ᾖε
1368 481 1430 533 se
1474 494 1542 532 na
1587 478 1731 546 dalje
1789 478 2060 547 prepustil
2117 478 2472 534 Karant‘a-

163 576 342 645 nij0,
384 573 575 627 katero
623 586 717 625 mu
757 571 810 640 ᾖε
854 569 927 623 bil
969 574 1034 624 Ξε
1077 570 1196 638 ριέᾖ
1241 567 1494 637 odstopil
1538 568 1752 638 njegov
1796 570 1902 621 οόε
1945 567 2220 622 Karlman.
2282 567 2329 621 V
2372 567 2473 622 Ka-

163 664 403 733 rantaniji
444 663 496 732 ᾖε
540 660 613 715 bil
657 659 828 713 takrat
880 658 1009 728 jako
1069 658 1247 727 utrjen
1306 657 1465 728 grad,
1519 656 1598 711 do
1654 656 1915 724 katerega
1968 673 2029 710 se
2070 658 2122 726 je
2180 657 2378 728 moglo
2423 657 2472 713 Ιε

163 754 327 809 ίεΞΙω
369 751 508 822 priti.
549 748 682 803 Zval
725 764 786 802 se
826 749 877 817 ᾖε
920 746 1429 817 Blatogradl),
1473 744 1571 799 ker
1608 746 1660 815 je
1703 744 1777 799 bil
1809 745 2003 799 obdan
2033 745 2110 800 od
2153 748 2471 816 nepristop·

164 859 312 913 nega
351 839 633 909 mocvirja.

340 947 538 1011 Regin.
566 943 782 995 Chron.
814 942 879 991 ad
905 959 948 991 a.
980 941 1085 990 880
1127 940 1271 1010 (MG.
1302 939 1410 1008 SS„
1448 938 1486 1003 I,
1532 936 1685 1008 591):
1732 938 2156 1009 „Carlomannus
2197 956 2283 989 rex
2324 957 2474 1006 para-

166 1040 262 1089 lvsi
304 1035 611 1097 dissolutus,
651 1032 788 1081 diem
834 1032 1018 1081 clausit
1058 1041 1351 1080 extremum
1395 1045 1443 1096 7.
1469 1029 1651 1079 Nonas
1679 1030 1890 1099 Aprilis,
1930 1072 1941 1083 .
1987 1072 1997 1082 .
2043 1072 2053 1082 .
2098 1068 2108 1079 .
2153 1030 2293 1080 Huic
2321 1047 2383 1079 ex
2406 1031 2475 1079 le-

169 1096 352 1195 g‘itimo
393 1124 730 1174 matrimonio
772 1137 878 1170 non
924 1131 1000 1170 est
1039 1131 1159 1169 nata
1199 1119 1411 1169 soboles
1453 1129 1669 1186 propter
1710 1117 2177 1168 infoecunditatem
2221 1122 2477 1187 coniugis,

168 1217 258 1267 sed
299 1231 359 1264 ex
397 1212 622 1281 quadam
666 1211 829 1259 nobili
872 1208 1068 1259 femina
1107 1207 1277 1258 filium
1320 1210 1740 1276 elegantissimae
1797 1210 1986 1274 speciei
2027 1211 2271 1274 suscepit,
2314 1226 2476 1276 quem

168 1302 444 1357 Amolfum
497 1303 754 1352 nominari
812 1303 962 1349 iussit
965 1338 1186 1352 .....
1230 1298 1601 1365 Hludowicus‚
1662 1309 1937 1363 comperto
1980 1298 2127 1364 quod
2169 1296 2323 1348 frater
2364 1301 2475 1347 eius

168 1394 391 1458 obiisset,
429 1390 719 1440 Baioariam
763 1391 1028 1456 ingressus
1057 1386 1467 1455 Reganasburch
1496 1388 1649 1445 venit,
1691 1388 1777 1436 ubi
1807 1403 1993 1436 omnes
2023 1389 2303 1453 optimates
2331 1389 2475 1454 regni

164 1483 228 1532 ad
269 1498 389 1531 eum
432 1478 770 1547 confluentes,
811 1481 923 1528 eius
964 1479 1149 1527 ditioni
1192 1494 1247 1527 se
1287 1477 1652 1527 subdiderunt.
1695 1474 1971 1526 Concessit
2011 1486 2186 1525 autem
2229 1477 2367 1525 idem
2392 1492 2477 1525 rex

167 1568 385 1620 Arnolfo
426 1567 795 1635 Carantanum,
836 1569 983 1636 quod
1024 1570 1069 1617 ei
1109 1578 1257 1635 pater
1296 1569 1397 1616 iam
1441 1566 1645 1633 pridem
1688 1576 2029 1634 concesserat,
2070 1568 2120 1614 in
2164 1583 2272 1633 quo
2315 1568 2476 1615 situm

164 1672 241 1711 est
278 1671 502 1710 castrum
542 1660 976 1715 munitissimum,
1020 1658 1168 1725 quod
1207 1655 1529 1706 Mosaburch
1572 1666 1924 1720 nuncupatur,
1987 1672 2050 1704 eo
2092 1656 2240 1722 quod
2281 1655 2476 1721 palude

164 1749 540 1815 impenetrabili
598 1749 748 1799 locus
789 1748 1026 1813 vallatuS‚
1081 1745 1457 1796 difficillimum
1500 1745 1815 1795 adeuntibus
1872 1745 2116 1811 praebeat
2155 1742 2473 1797 accessum.“

1143 1973 1255 2060 St.
1299 1990 1491 2059 260.

339 2090 487 2157 880,
529 2104 794 2145 meseca
833 2087 1057 2160 junija.

339 2179 525 2248 Papei
568 2178 694 2233 {van
737 2178 911 2246 (Vill.)
955 2180 1078 2248 pise
1119 2177 1351 2250 „groiu“
1414 2176 1772 2247 Svetopolku
1830 2176 2308 2247 [„Sfentopalclzo
2351 2177 2479 2247 glo·

160 2269 313 2323 rioso
354 2270 608 2336 comiti“]
653 2273 733 2323 ter
775 2284 867 2322 mu
912 2269 1203 2338 naznanja‚
1247 2268 1320 2322 da
1358 2268 1411 2338 je
1454 2267 1503 2321 iz
1545 2283 1772 2339 govora
1810 2268 2051 2337 svojega
2092 2266 2319 2322 sobrata
2362 2267 2478 2320 Με-

154 2358 308 2423 -toda‚
347 2357 478 2427 jako
523 2358 952 2426 Castivrednega
995 2356 1273 2413 nadskofa
1314 2363 1472 2413 svete
1531 2357 1832 2412 moravske
1874 2356 2078 2410 cerkve
2137 2355 2481 2425 [„consratre

162 2449 351 2502 nostro
390 2446 697 2501 Methodio
739 2447 1203 2502 reverendissimo
1245 2446 1682 2516 archiepiscopo
1741 2447 1978 2501 sanctae
2035 2445 2308 2501 ecclesiae
2346 2445 2478 2500 Ma-

165 2536 493 2603 rahensis“],
537 2535 610 2590 ko
651 2537 704 2606 ᾖε
747 2537 914 2604 prise!
957 2553 987 2590 z
1031 2537 1322 2607 njegovim
1367 2535 1892 2606 (Svetopolkovim)
1934 2535 2265 2590 fevdnikom
2299 2536 2478 2590 Zemi-

167 2624 385 2679 Ziznom
441 2626 613 2693 [‚,ana
668 2642 793 2681 cam
845 2625 1175 2692 Semisisno,
1220 2625 1404 2695 fideli
1453 2628 1607 2694 tao“]
1664 2625 1743 2682 do
1786 2631 1902 2680 vrat
1944 2625 2124 2680 svetih
2167 2626 2478 2695 apostolov

170 2712 323 2768 Petra
363 2714 415 2769 in
457 2714 638 2783 Pavla,
681 2716 921 2785 spoznal
965 2717 1220 2787 njegovo
1264 2715 1754 2786 (Svetopolkovo)
1796 2715 2043 2770 vdanost
2095 2716 2148 2769 in
2192 2714 2478 2785 naklonje·

167 2807 294 2857 nost
332 2818 507 2874 vsega
546 2805 873 2876 njegovega
913 2805 1155 2875 ljudstva
1182 2805 1261 2860 do
1292 2805 1706 2875 apostolskega
1735 2805 1896 2860 stola.
1940 2805 2096 2876 DalJe
2127 2805 2249 2874 pise
2273 2809 2477 2874 papez,

164 2889 235 2944 da
270 2891 324 2961 ᾖε
363 2908 398 2946 ν
438 2893 623 2948 zboru
664 2895 850 2964 svojih
910 2896 1112 2950 bratov
1172 2894 1384 2950 skofov
1427 2895 1648 2965 vprasal
1706 2895 2031 2965 niegovega
2073 2893 2478 2964 (Svetopolko-

165 2983 329 3051 vega)
386 2983 813 3054 castivrednega
873 2984 1151 3040 nadskoia
1207 2985 1458 3052 Metoda,
1514 2984 1624 3040 ako
1681 2985 1789 3039 ima
1831 2984 1960 3039 tako
2004 3001 2142 3039 vero
2195 2984 2249 3038 in
2289 2984 2348 3054 jo
2392 2984 2476 3053 pri

166 3070 298 3123 masi
338 3070 466 3126 tako
510 3075 665 3143 poje,
709 3073 884 3129 kakor
923 3075 1119 3129 veleva
1180 3080 1337 3130 sveta
1378 3074 1582 3129 rimska
1624 3074 1828 3129 cerkev
1870 3075 1922 3128 in
1966 3074 2142 3128 kakor
2183 3089 2251 3128 so
2293 3074 2351 3143 ᾖο
2395 3088 2474 3143 ρο

165 3160 551 3231 evangeljskih
596 3162 853 3219 besedah
897 3163 1253 3219 Kristusovih
1298 3164 1526 3234 objavili
1583 3165 1637 3219 in
1680 3179 1807 3219 nam
1849 3164 2055 3219 izrocili
2112 3164 2251 3218 sveti
2294 3163 2476 3232 οόεῐῇε

165 3249 387 3304 vsestih
431 3250 646 3306 obcnih
689 3252 909 3307 zborih.
954 3253 1048 3309 On
1089 3254 1142 3323 ᾖε
1186 3270 1258 3324 pa
1302 3254 1535 3323 pritrdil‚
1580 3254 1649 3308 da
1680 3254 1872 3323 νεηιῇε
1913 3254 1967 3307 in
2010 3254 2145 3323 poje
2188 3269 2267 3322 po
2311 3268 2476 3306 evan-

163 3336 433 3407 geljskem
476 3339 685 3407 nauku,
730 3342 905 3396 kakor
947 3344 1034 3397 uei
1077 3348 1232 3397 sveta
1274 3343 1478 3398 rimska
1521 3343 1726 3397 cerkev
1769 3343 1821 3397 in
1853 3342 2029 3397 kakor
2054 3358 2122 3397 so
2154 3342 2334 3412 οᾰεῐῇε
2364 3358 2475 3396 raz-

162 3425 352 3494 giasili.
396 3429 582 3499 Ρερεὶ
626 3433 799 3500 pravi,
843 3432 916 3486 da
956 3448 1029 3501 ga
1067 3433 1119 3502 ᾖε
1162 3449 1197 3486 ν
1238 3431 1377 3487 vseh
1442 3431 1743 3486 cerkvenih
1799 3432 2004 3486 naukih
2060 3432 2213 3486 nasei
2272 3447 2475 3501 pravo-

163 3529 425 3586 vernega.
489 3519 731 3590 [„lgitar
791 3521 941 3575 hanc
977 3521 1357 3587 Methodiam,
1420 3521 1787 3575 venerabilem
1843 3521 2327 3591 archiepiscopum
2392 3537 2474 3575 ve-

161 3605 353 3671 strum,
395 3608 870 3680 interrogavimus
892 3627 1083 3666 coram
1100 3611 1309 3679 positis
1339 3612 1633 3681 fratribus
1664 3612 1860 3664 vestris
1888 3611 2182 3680 episcopis,
2210 3612 2264 3665 si
2285 3611 2473 3665 ortlzo-

163 3691 347 3748 doxae
373 3697 532 3765 sidei
566 3698 880 3767 symbolam
922 3701 1003 3754 ita
1046 3700 1309 3766 crederet,
1354 3703 1409 3754 et
1446 3702 1596 3754 inter
1628 3715 1799 3754 sacra
1840 3700 2139 3753 missarum
2165 3699 2468 3754 sollemnia

166 3788 403 3851 caneret,
457 3788 634 3842 sicuti
686 3791 946 3843 sanctam
987 3789 1309 3848 Romanam
1353 3790 1651 3844 ecclesiam
1694 3791 1878 3843 tenere
1930 3790 1985 3842 et
2021 3790 2080 3843 in
2117 3791 2332 3843 sanctis
2370 3805 2467 3843 sex

162 3873 573 3930 universalibus
609 3878 842 3946 synodis
882 3895 917 3931 a
956 3880 1171 3933 sanctis
1191 3879 1469 3946 patribus,
1499 3878 1807 3933 secandam
1839 3879 2225 3949 evangelicam
2261 3878 2477 3934 Christi

340 4037 369 4090 ¹)
403 4036 654 4095 Blatograd
688 4040 730 4096 je
780 4053 838 4084 na
873 4039 1134 4086 Koroskem
1184 4040 1245 4083 od
1285 4039 1534 4097 Vrbskega
1565 4040 1715 4098 jezera
1764 4042 1885 4097 proti
1931 4053 2112 4087 severu.
2161 4030 2220 4087 Se
2253 4043 2382 4099 sedai
2418 4056 2468 4088 se

163 4106 377 4166 nahaiajo
412 4112 595 4156 ostanki
631 4113 925 4171 nekdanJega
957 4114 1104 4171 gradu
1140 4115 1207 4169 pri
1242 4113 1412 4158 nekem
1448 4113 1631 4159 ribniku
1668 4129 1726 4159 na
1749 4116 2123 4161 severozahodni
2157 4117 2297 4161 strani
2332 4116 2471 4162 seda-

164 4179 298 4236 niega
330 4183 626 4240 Blatograda.
659 4187 790 4242 Tega
824 4187 949 4244 kraja
983 4201 1040 4232 ηε
1074 4200 1256 4232 smemo
1292 4188 1542 4244 zamenjati
1579 4203 1601 4232 z
1625 4189 1961 4246 Blatogradom
1995 4203 2022 4234 v
2047 4190 2258 4247 Panoniji
2284 4190 2346 4235 ob
2373 4190 2467 4236 reki

163 4253 259 4299 Zali
290 4255 411 4302 blizu
445 4258 671 4317 Blatnega
705 4261 867 4316 iezera.

2206 4355 2289 4399 192‘
