2762 4458
0 2279 39 2392 ’ςο-ὴῐν
23 2160 26 2164 .

1174 263 1237 320 St.
1263 275 1365 328 264,
1398 275 1498 318 265.
2406 271 2488 314 201

180 465 298 513 stilo
339 463 694 511 enucleamus.
738 448 896 523 Igitur
936 459 1043 506 duo
1087 455 1282 522 fratres,
1326 453 1689 503 Willihalmus
1733 466 1780 502 et
1821 453 2194 519 Engilscalcus,
2235 468 2352 500 cum
2396 462 2493 498 ter-

182 554 385 601 minum
427 552 568 615 regni
612 548 975 597 Baioariorum
1019 549 1069 594 in
1113 545 1326 595 Oriente
1381 562 1409 591 a
1465 560 1598 609 rege,
1660 544 1710 591 id
1771 555 1846 591 est
1902 545 2105 590 seniore
2163 542 2497 605 Hludowico,

181 655 494 691 concessum
539 649 717 686 contra
760 637 1075 684 Maravonos
1117 646 1414 700 tenuerunt,
1456 634 1728 699 multaque
1780 648 1874 697 pro
1935 634 2097 697 patria
2138 631 2331 678 tuenda
2374 645 2495 678 con-

181 729 426 778 flictando
468 728 681 775 sudasse
723 724 979 782 feruntur,
1023 725 1235 773 tandem
1266 723 1404 770 diem
1436 722 1685 770 ultimum
1727 721 1884 769 huius
1926 723 2056 770 aeris
2099 723 2146 767 in
2192 720 2371 768 eadem
2406 735 2496 764 vo-

182 820 378 868 luntate
418 815 597 865 finiere
648 826 1030 880 permanentes,
1076 830 1182 860 non
1228 828 1349 860 vero
1394 824 1526 860 esset
1580 810 1755 882 honor
1809 811 2020 858 illorum
2080 808 2197 858 filiis
2251 809 2498 871 redditus,

183 906 323 956 Erbo
366 905 460 972 [in]
503 907 833 965 comitatum,
863 905 1065 951 domno
1097 918 1214 967 rege
1246 901 1583 966 concedente⁷
1612 902 1872 950 successit.
1915 898 2076 957 Quod
2109 899 2495 963 praedictorum

184 997 413 1044 virorum
456 995 663 1059 pueruli
703 993 1024 1058 illorumque
1069 993 1352 1056 propinqui
1410 992 1459 1036 in
1512 992 1831 1037 contrarium
1891 990 2202 1053 accipientes
2259 988 2340 1034 vel
2393 1002 2495 1033 ver-

183 1096 361 1146 tentes,
414 1083 655 1131 dixerunt
696 1083 1001 1130 alterutrum
1045 1077 1172 1147 fieri,
1213 1082 1291 1127 vel
1333 1080 1603 1126 Arbonem
1649 1081 1915 1142 comitem,
1968 1080 2006 1125 si
2070 1093 2177 1125 non
2242 1076 2501 1124 recederet

188 1176 252 1226 de
290 1176 539 1222 comitatu
583 1183 858 1236 parentum
900 1185 1141 1232 suorum,
1186 1170 1263 1216 vel
1306 1171 1506 1234 seipsos
1568 1170 1852 1215 morituros
1909 1167 2063 1233 gladii
2123 1176 2240 1213 ante
2295 1163 2498 1213 faciem.

189 1264 304 1313 Hoc
341 1265 699 1326 experimento
745 1261 882 1327 Arbo
926 1276 1227 1313 concussus
1270 1260 1550 1306 amicitiam
1605 1258 1717 1304 iniit
1773 1272 1894 1304 cum
1953 1254 2316 1322 Zuentibaldo,
2369 1255 2501 1302 duce

187 1351 518 1422 Matavorum
561 1352 744 1417 gentis,
784 1347 1044 1415 firmaque
1088 1351 1219 1396 inter
1260 1348 1377 1395 illos
1421 1345 1647 1412 foedera,
1688 1344 1854 1394 filium
1900 1362 2055 1393 suum
2102 1345 2338 1392 obsidem
2393 1341 2500 1394 fieri

188 1457 292 1490 non
331 1442 566 1490 tardavit.
608 1439 715 1488 Nec
759 1442 935 1487 minus
978 1440 1072 1503 ipsi
1118 1437 1363 1504 praedicti
1410 1439 1553 1500 pueri
1599 1436 1885 1484 consulunt
1926 1434 2186 1500 quosdam
2245 1435 2502 1498 primores

197 1529 486 1599 Baioaricae
528 1529 753 1595 [gentis]
795 1529 1101 1594 collatisque
1144 1528 1458 1593 propinquis
1501 1541 1559 1574 ac
1600 1525 1836 1591 undique
1864 1526 2046 1589 copiis,
2090 1521 2274 1571 fortior
2314 1538 2503 1570 manus

190 1622 240 1669 in
294 1621 343 1668 id
397 1631 607 1684 tempus
660 1619 758 1666 illis
815 1618 1124 1676 adstabitur;
1180 1619 1429 1665 comitem
1489 1632 1516 1664 a
1574 1630 1691 1680 rege
1753 1624 2094 1663 consumtum
2158 1607 2503 1660 inhonorifice

190 1708 526 1775 expellebant,
554 1712 974 1775 comitatumque
1003 1709 1111 1756 eius
1154 1707 1252 1755 illis
1293 1708 1343 1753 in
1377 1723 1530 1754 usum
1565 1715 1963 1769 usurpaverunt.
2006 1703 2126 1751 Hoc
2153 1717 2275 1767 ergo
2305 1700 2500 1749 factum

189 1810 266 1846 cst
301 1810 423 1863 post
462 1799 666 1847 obitum
710 1778 843 1863 regis
886 1798 1189 1846 Hludowici
1249 1807 1599 1862 natorumque
1658 1796 1769 1842 eius
1826 1793 2129 1841 Karlmanni
2191 1801 2240 1839 et
2292 1790 2503 1839 Hludo-

184 1889 318 1953 vitici,
345 1903 576 1954 quorum
606 1903 876 1937 successor
918 1885 1072 1935 frater
1112 1872 1324 1934 illorum
1368 1887 1618 1933 minimus
1642 1880 1656 1953 Η
1683 1885 1846 1932 extitit
1887 1886 1935 1930 in
1981 1898 2159 1947 regno.
2205 1879 2310 1940 Qui
2356 1895 2495 1934 mox,
2537 1898 2577 1932 p.
2603 1890 2679 1922 400.

187 1990 344 2042 prout
384 1988 535 2026 antea
575 1980 757 2044 tenuit,
797 1975 996 2025 Esboni
1047 1975 1417 2042 [praedictum]
1474 1977 1783 2023 comitatum
1843 1972 2081 2030 reddidit,
2126 2013 2138 2024 .
2165 2012 2174 2022 .
2203 2010 2214 2022 .
2245 2014 2255 2022 .
2289 2009 2300 2020 .
2345 1969 2505 2036 Igitur

186 2066 375 2115 eodem
419 2083 576 2134 anno,
617 2082 726 2134 quo
776 2067 846 2114 illi
899 2068 1045 2132 pueri
1105 2066 1429 2131 praedictum
1475 2066 1737 2116 comitem.
1782 2063 1830 2111 id
1875 2074 1950 2110 est
1990 2061 2277 2129 Erbonem‚
2317 2077 2345 2108 a
2385 2075 2503 2124 rege

187 2156 683 2205 commendatorum
727 2167 983 2205 exsortem
1027 2152 1135 2203 fieri
1178 2153 1445 2203 honorum
1489 2157 1916 2219 impetraverunt,
1958 2151 2349 2208 Zuentibaldus,
2399 2151 2505 2197 dux

185 2244 551 2308 Maramnum,
611 2244 828 2311 plenum
883 2245 989 2293 doli
1049 2255 1098 2292 et
1157 2246 1383 2293 astuciae
1441 2244 1730 2297 cerebrum,
1794 2259 1898 2291 non
1935 2241 2244 2289 'immemor
2304 2241 2504 2306 utique⁷

185 2345 378 2401 quanta
421 2335 483 2381 ab
525 2334 941 2383 antecessoribus
996 2335 1217 2382 istorum
1275 2331 1563 2398 puerorum
1606 2348 1727 2382 cum
1771 2342 1922 2399 gente
1980 2347 2089 2396 sua,
2149 2346 2316 2397 usque
2374 2330 2501 2377 dum

172 2423 253 2472 'ad
308 2423 423 2472 illos
477 2425 762 2472 terminum
820 2422 1182 2472 Baioariorum
1237 2417 1658 2488 praetenderunt,
1723 2438 1905 2487 passus
1958 2423 2022 2469 sit
2075 2419 2226 2487 mala,
2282 2419 2506 2484 'insuper

188 2513 340 2561 etiam
381 2514 639 2561 amicitiae
681 2528 739 2562 ac
782 2515 1076 2569 iuramenti,
1120 2510 1418 2580 quaecum
1463 2509 1676 2560 E'rbone'
1731 2514 1844 2560 iniit
1901 2511 2227 2577 pepigitque,
2283 2510 2345 2557 ad
2403 2507 2504 2557 hoc

190 2601 443 2652 vindicare
487 2600 836 2668 proficiscitur
863 2614 913 2652 et
939 2600 1172 2668 perfecit.
1215 2601 1350 2650 Nam
1382 2603 1443 2650 de
1473 2603 1865 2668 septentrionali
1910 2611 2052 2666 parte
2081 2600 2240 2648 Histri
2270 2597 2502 2647 fluminis

192 2689 511 2756 apprehenso
542 2691 899 2749 Werinhari'o,
929 2696 991 2740 de
1034 2694 1209 2757 pueris
1251 2690 1575 2758 Engilscalhi
1625 2720 1672 2727 —
1729 2693 1818 2758 qui
1862 2702 1962 2739 tres
2000 2689 2183 2738 habuit
2223 2718 2292 2725 —-
2336 2688 2503 2736 medi-

190 2780 312 2848 ocri,
338 2778 605 2829 Vezziloni
634 2797 852 2848 quoque
882 2783 1080 2848 comiti,
1107 2782 1198 2849 qui
1227 2782 1438 2830 illorum
1467 2786 1803 2848 propinquus
1831 2791 1952 2838 erat,
1982 2780 2245 2828 dexteram
2285 2794 2504 2827 manum

192 2882 308 2919 cum
349 2869 542 2938 lingua,
583 2882 631 2919 et
674 2899 732 2907 —
785 2883 1082 2920 monstrum
1125 2872 1294 2919 simile
1345 2900 1399 2907 —
1449 2870 1674 2919 verenda
1703 2871 1778 2918 vel
1810 2870 2068 2937 genitalia,
2114 2880 2171 2917 ut
2211 2884 2305 2917 nec
2333 2870 2506 2934 signa-

190 2957 309 3008 culo
349 2959 643 3028 desistente,
682 2961 1030 3014 absciderunt,
1088 2960 1350 3010 Homines
1392 2976 1515 3009 vero
1577 2960 1789 3009 illorum
1845 2959 2108 3027 quosdam
2164 2961 2273 3007 sine
2331 2959 2506 3006 dextra

188 3048 435 3116 laevaque
496 3052 682 3099 reversi
725 3062 863 3104 sunt.
906 3049 1177 3100 Exercitus
1220 3051 1414 3100 scilicet
1455 3053 1598 3099 iussu
1642 3050 1791 3098 ducis
1849 3053 1965 3115 igne
2000 3049 2248 3117 *devastat
2304 3049 2504 3111 omnia3

188 3138 400 3203 insuper
449 3139 579 3188 ultra
624 3139 927 3189 Danubium
986 3142 1155 3188 missis
1211 3140 1634 3205 spiculatoribus,
1697 3140 2022 3206 ubicumque
2080 3139 2370 3204 proprietas
2426 3138 2503 3184 vel

186 3227 470 3278 substantia
511 3229 897 3294 praedictorum
942 3227 999 3278 fit
1039 3245 1346 3296 puerorum,
1385 3231 1490 3297 igni
1534 3229 1718 3278 tradita
1749 3231 1858 3276 sine
1902 3244 2049 3276 mora
2077 3240 2173 3293 est3
2215 3226 2317 3276 hoc
2358 3242 2503 3276 scan-

188 3314 363 3365 dalum
407 3315 647 3367 antefacti
692 3319 905 3383 puerilis
948 3320 1152 3368 consilii
1194 3321 1372 3385 spacio
1418 3320 1574 3367 unius
1617 3320 1736 3367 anni
1781 3321 2048 3370 sentitur.“

1166 3516 1278 3602 Se
1342 3533 1518 3602 265.

366 3686 514 3755 883,
557 3688 683 3744 dne
727 3690 785 3744 5.
826 3688 1052 3758 aprila.
1101 3690 1316 3745 Rezn0.

372 3774 548 3831 Cesar
591 3777 755 3832 Karol
801 3778 925 3846 (ΙΙΙ.)
969 3779 1156 3848 potrdi
1210 3779 1505 3849 pogodbo
1562 3778 1690 3832 med
1752 3778 2064 3831 rezenskim
2108 3777 2334 3831 {kofom
2378 3777 2504 3829 Am-

191 3861 552 3920 brichon·om
595 3868 648 3921 in
693 3875 929 3936 opatom
975 3869 1290 3922 Hittonom.
1333 3868 1413 3922 Ta
1453 3869 1503 3936 je
1548 3871 1773 3921 namrec
1817 3884 1894 3935 po
1939 3867 2159 3932 svojem
2192 3866 2503 3920 odvetniku

192 3950 426 4008 Otilonu
482 3956 570 4010 dal
627 3958 999 4012 rezenskemu
1051 3957 1218 4011 {kofu
1276 3958 1327 4010 in
1384 3958 1731 4026 njegovemu
1791 3956 2102 4010 odvetniku
2161 3955 2503 4024 Gundpertu

192 4043 361 4112 svojo
406 4043 663 4108 {asinina
707 4053 763 4100 to
805 4048 857 4115 je
900 4046 1127 4100 trideset
1171 4046 1351 4113 kmetij
1397 4062 1429 4099 v
1473 4045 1736 4099 Vzliodni
1798 4045 2073 4114 pokrajini
2133 4045 2311 4113 poleg
2373 4044 2503 4097 reke

194 4127 346 4186 Rabe
390 4134 440 4200 [„
477 4177 487 4187 .
521 4175 532 4186 .
564 4136 1008 4204 ‚proprietatem
1050 4150 1214 4188 suam
1254 4149 1426 4202 quam
1469 4134 1670 4188 habuit
1709 4134 1765 4188 itz
1809 4135 2026 4188 oriente
2067 4135 2225 4188 iuxta
2255 4134 2502 4202 fluvium

190 4220 291 4286 qui
329 4225 559 4276 vocatur
594 4223 778 4289 Raba,
834 4223 899 4279 id
947 4226 1031 4277 est
1084 4223 1267 4278 hobas
1305 4223 1563 4290 XXX“];
1625 4229 1938 4291 nasprotno
1992 4225 2043 4292 je
2103 4240 2173 4292 pa
2231 4223 2501 4291 prepustil
