2762 4458
1085 226 1150 285 St.
1174 238 1277 290 203,
1309 238 1414 292 204,
1445 237 1548 282 205.
2388 238 2472 284 153

1150 465 1262 551 St.
1299 481 1485 552 203.

332 626 481 693 865,
524 625 793 696 najbrze
837 638 1103 680 meseca
1144 626 1430 686 marcal)

333 714 475 785 Kralj
519 714 779 770 Ludovik
818 715 871 784 ie
914 713 1082 783 prise}
1124 728 1194 767 na
1237 710 1542 778 Bavarsko,
1586 709 1703 780 kjer
1744 726 1806 765 se
1848 712 1899 781 je
1942 711 2308 781 popolnoma
2334 713 2473 776 spri-

149 803 313 873 jaznil
356 819 383 858 s
424 806 631 873 svojim
672 804 859 858 sinotu
902 801 1261 858 Karlmanom
1304 805 1385 855 ter
1425 816 1520 855 mu
1563 800 1785 869 povrnil
1830 800 2017 856 marka
2035 803 2097 868 2),
2141 801 2326 856 katere
2381 817 2474 856 mu

152 893 206 962 je
249 892 323 947 bil
366 892 569 962 nekdaj
613 893 755 948 vzel.

330 999 637 1051 Hincmari
677 1000 829 1050 Ann.
870 997 1086 1051 Bertin.
1128 997 1194 1046 ad
1235 1013 1279 1049 a.
1321 995 1440 1060 865.
1483 994 1627 1061 (MG.
1674 995 1777 1062 SS.,
1822 995 1856 1065 1,
1895 996 2055 1062 467>z
2102 996 2213 1066 „De
2243 995 2474 1046 Tusiaco

152 1088 507 1139 Hludowicus
548 1087 844 1139 Baioariam
885 1102 1107 1155 pergens
1148 1083 1547 1136 Carolomanno
1589 1083 1699 1136 filio
1742 1086 1838 1135 sibi
1882 1084 2203 1136 familiariter
2250 1087 2478 1135 reconci-

147 1179 294 1239 liato,
337 1192 537 1228 marcas
577 1194 710 1245 quas
763 1177 825 1227 ab
883 1193 946 1227 eo
988 1175 1190 1226 'tulerat
1245 1175 1485 1234 reddidit,
1545 1186 1595 1224 et
1645 1174 1711 1224 ad
1766 1174 2166 1226 Franconoford
2220 1175 2474 1241 palatium

151 1264 354 1318 rediit.“

331 1487 480 1555 865,
524 1502 616 1558 po
660 1490 761 1542 22.
805 1486 1034 1558 api-nu.
1137 1404 1247 1474 St.
1303 1405 1493 1474 204⁰

332 1577 474 1647 Kralj
520 1577 779 1633 Ludovik
815 1578 884 1647 ‘je
935 1577 1120 1631 kmalu
1165 1593 1244 1646 po
1289 1576 1454 1632 veliki
1512 1577 1641 1632 noci
1661 1579 1705 1645 3)
1761 1576 1985 1632 razdelil
2041 1577 2210 1646 svojo
2266 1576 2477 1631 driavo

147 1666 284 1721 med
326 1668 491 1737 svoje
533 1668 593 1721 tri
640 1668 860 1722 sinove.
906 1665 1209 1722 Karlmanu
1249 1666 1302 1736 ie
1345 1666 1434 1720 dal
1493 1665 1780 1721 Bavarsko
1842 1667 1895 1720 in
1956 1683 2029 1736 pa
2084 1665 2272 1720 marke
2332 1666 2479 1734 proti

152 1754 440 1810 slovanski
485 1757 538 1810 in
580 1755 990 1825 langobardski
1033 1755 1180 1825 meji,
1222 1755 1340 1824 kier
1375 1771 1443 1810 so
1487 1755 1761 1825 prebivaii
1807 1754 2095 1809 barbarski
2139 1753 2405 1823 narodi.4)

330 1861 694 1914 Francorum
735 1877 851 1928 reg.
895 1863 1031 1915 hist.
1073 1860 1219 1932 (MG.
1259 1861 1362 1928 SS.,
1404 1860 1462 1923 ΙΙ,
1510 1859 1659 1931 325):
1723 1862 2108 1925 „Hludowicus
2160 1873 2337 1912 autem
2394 1876 2481 1911 rex

153 1949 473 2000 Noricorum
518 1951 570 2000 id
610 1962 687 2002 est
725 1951 1108 2020 Baioariorum‚
1147 1951 1453 2002 Hludowici
1495 1953 1825 2018 imperatoris
1867 1950 2024 2016 filius,
2067 1968 2206 2001 anno
2250 1954 2482 2002 incarna-

150 2041 309 2090 tionis
338 2040 440 2105 865
474 2051 598 2107 post
624 2039 955 2092 festivitatem
985 2040 1284 2108 paschalem
1311 2057 1534 2108 regnum
1574 2058 1734 2090 suum
1776 2044 1908 2091 inter
1946 2039 2083 2091 filios
2125 2058 2250 2090 suos
2292 2042 2480 2095 divisit.

149 2129 221 2179 Et
261 2130 626 2181 Karlomanno
658 2132 871 2199 quidem
898 2132 1043 2182 dedit
1082 2132 1354 2195 Noricam,
1398 2133 1449 2181 id
1477 2143 1553 2182 est
1591 2132 1902 2198 Baioariam,
1943 2142 1993 2182 et
2032 2130 2270 2181 marchas
2297 2142 2480 2181 contra

147 2217 367 2270 Sclavos
408 2231 459 2269 et
498 2220 894 2290 LangobardOS,
919 2262 932 2275 .
962 2265 972 2275 .
1003 2220 1050 2276 .“

331 2323 719 2378 Erchanberti
754 2326 1127 2378 Breviarium
1168 2325 1314 2396 (MG.
1345 2325 1450 2390 SS.,
1478 2326 1537 2396 11,
1570 2327 1728 2394 329):
1775 2327 2117 2392 „Ludovicus
2146 2337 2322 2376 autem
2354 2324 2481 2375 Ger-

151 2415 359 2463 maniae
402 2429 489 2463 rex
528 2426 647 2464 ante
690 2416 951 2482 plurimos
981 2433 1150 2467 annos
1192 2419 1378 2467 mortis
1419 2434 1512 2466 sue
1555 2427 1840 2483 prospectu
1881 2418 2024 2483 pacis
2067 2431 2289 2482 regnum
2318 2432 2477 2465 suum

151 2503 286 2552 inter
323 2513 426 2552 tres
467 2504 846 2555 illustrissimos
887 2503 1025 2555 filios
1066 2523 1192 2556 suos
1222 2545 1232 2555 .
1261 2546 1273 2559 .
1297 2546 1310 2558 .
1350 2510 1420 2555 ita
1462 2506 1691 2556 dividere
1734 2509 1949 2565 curavit,
2010 2516 2068 2555 ut
2123 2507 2478 2573 primogenito

150 2607 254 2641 suo
294 2592 695 2644 bellicosissimo
739 2592 1100 2644 Carlomanno
1143 2595 1396 2646 Noricum
1440 2606 1490 2644 et
1530 2605 1812 2661 partem
1855 2595 2332 2645 barbararum
2374 2611 2482 2643 na-

150 2682 256 2731 tio
278 2698 310 2730 n
331 2699 365 2731 u
386 2700 440 2731 m
482 2683 856 2750 gubernandos
899 2687 1254 2735 committeret
1280 2725 1292 2738 .
1320 2725 1333 2737 .
1358 2726 1367 2737 .
1411 2687 1479 2734 ita
1519 2685 1807 2752 dumtaxat,
1833 2695 1890 2734 ut
1923 2686 2021 2751 ipsi
2050 2682 2141 2733 filii
2171 2686 2282 2734 eius
2310 2683 2482 2734 adhuc

154 2786 222 2820 eo
263 2773 470 2821 vivente
511 2783 716 2822 tantum
760 2774 1128 2824 denominatas
1171 2785 1341 2824 curtes
1395 2773 1647 2824 haberent
1689 2785 1739 2823 et
1778 2776 2010 2824 minores
2066 2791 2247 2824 causas
2300 2775 2479 2824 dister-

151 2862 355 2910 minare
398 2873 654 2931 curarent,
695 2865 964 2929 episcopia
1003 2879 1128 2913 vero
1173 2866 1352 2913 omnia
1394 2874 1444 2914 et
1484 2865 1803 2913 monasteria
1851 2879 1946 2913 nec
2000 2880 2109 2913 non
2164 2874 2215 2913 et
2269 2866 2480 2914 comitie

151 2950 347 3015 publici
392 2953 552 3000 etiam
595 2950 706 3001 fisci
747 2962 798 3001 et
838 2963 1025 3003 cuncta
1067 2955 1267 3003 maiora
1309 2953 1500 3004 iudicia
1541 2953 1606 3002 ad
1646 2969 1700 3002 se
1742 2963 1974 3018 spectare
2017 2951 2312 3005 deberent.“

1138 3165 1251 3251 su
1310 3183 1495 3252 205.

334 3334 639 3391 Morebiti
684 3338 830 3393 med
875 3338 1074 3408 865.⁵)
1118 3337 1180 3393 in
1225 3339 1421 3407 8746)

337 3423 576 3480 Nekako
619 3443 654 3480 v
695 3432 806 3481 tem
848 3430 983 3483 casu
1024 3429 1077 3498 je
1120 3428 1299 3483 vladal
1341 3427 1606 3483 furlanski
1651 3429 1904 3498 vojvoda
1948 3428 2351 3494 Unruoch‚
2394 3429 2479 3482 sin

152 3510 211 3565 in
253 3513 546 3568 naslednik
589 3515 752 3584 grofa
795 3517 1137 3572 Eberharda.
1183 3517 1424 3572 Pokazal
1466 3519 1517 3588 je
1547 3519 1716 3588 svojo
1762 3518 2025 3572 hrabrost
2066 3517 2170 3571 leta
2212 3520 2357 3583 871„
2402 3518 2476 3573 ko

341 3678 374 3731 ¹)
406 3677 512 3723 Dne
548 3677 617 3724 19.
651 3678 883 3737 februaria
914 3679 957 3737 je
990 3679 1053 3725 bil
1087 3680 1197 3738 kralj
1234 3681 1446 3726 Ludovik
1481 3683 1531 3727 se
1565 3695 1591 3725 v
1626 3681 1841 3738 Tusey-u
1884 3683 1972 3738 (pri
2023 3681 2115 3727 reki
2163 3681 2291 3726 Mozi
2340 3682 2479 3737 iugo-

50 3748 55 3752 '
154 3747 383 3795 Vzhodno
418 3752 480 3796 od
517 3751 728 3808 Toul-a),
763 3757 924 3810 potem
958 3754 1003 3811 je
1036 3755 1103 3801 §el
1138 3768 1198 3800 na
1231 3755 1471 3800 Bavarsko
1506 3755 1550 3800 in
1587 3756 1679 3800 dne
1702 3757 1773 3800 25.
1798 3756 1943 3811 aprila
1976 3756 2018 3811 je
2051 3755 2112 3800 bil
2135 3769 2163 3800 v
2188 3755 2481 3801 Frankfurtu.

334 3829 371 3880 ²)
404 3825 473 3871 Te
499 3826 657 3873 marke
682 3841 737 3873 so
764 3827 855 3874 bile
888 3829 1203 3886 Karantanija,
1229 3829 1462 3875 Vzhodna
1495 3829 1655 3874 marka
1690 3830 1735 3874 in
1770 3829 1986 3875 morebiti
2011 3830 2111 3876 tudi
2137 3830 2212 3875 del
2237 3830 2477 3886 Panonije.

336 3902 372 3953 ³)
406 3900 515 3945 Leta
547 3901 646 3947 865.
681 3902 723 3959 je
757 3902 849 3948 bila
882 3902 1032 3948 velika
1066 3904 1158 3948 noc
1193 3904 1285 3948 dne
1318 3905 1389 3949 22.
1426 3903 1586 3959 aprila.
1703 3908 1706 3911 ’

336 3976 374 4029 ⁴)
406 3973 570 4021 Marka
603 3977 725 4032 proti
760 3977 1000 4023 slovanski
1035 3978 1312 4032 (moravski)
1346 3977 1453 4034 meji
1487 3978 1530 4034 je
1565 3977 1656 4023 bila
1678 3977 1910 4024 Vzhodna
1944 3978 2116 4033 marka,
2151 3981 2273 4035 proti
2306 3979 2474 4036 lango-

159 4040 348 4092 bardski
381 4060 441 4105 pa
475 4049 786 4108 Karantanija.

337 4124 374 4175 5)
408 4121 483 4169 Gl.
509 4126 565 4170 st.
592 4125 690 4171 153.

337 4199 374 4250 ⁶)
407 4194 482 4242 01.
508 4199 562 4243 st.
588 4199 689 4244 235.
