2762 4458
289 223 379 267 270
1283 209 1347 266 st.
1372 221 1474 276 346,
1507 221 1607 267 347.

469 403 593 452 Ibid.
623 402 953 470 (Monticolo,
996 419 1045 466 p.
1081 398 1220 468 132):
1277 401 1430 470 „Ipso
1474 404 1629 450 etiam
1670 413 1908 466 tempore
1948 402 2266 451 Laurentius
2307 403 2593 470 patrIarcha

288 492 562 540 hominem
607 493 775 549 exivit,
803 493 892 557 qui
936 489 1258 539 Gradensem
1301 491 1571 539 ecclesiam
1601 501 1798 538 rexerat
1821 492 1970 538 annis
1999 490 2112 558 XII,
2138 493 2407 540 mensibus
2440 491 2595 558 VIIII,

286 581 471 629 diebus
511 578 717 644 XXIIII,
757 581 1148 646 tumalatusque
1190 590 1265 627 est
1306 581 1357 627 in
1397 590 1572 628 sancte
1614 576 1840 640 Eufimie
1880 576 2061 630 atri0.“

468 682 809 733 Chronieon
849 682 1138 733 Venetum
1195 689 1373 747 vulgo
1422 683 1684 734 Altinate
1740 681 1884 752 (MG.
1922 683 2029 747 SS„
2067 684 2207 747 XIV,
2246 684 2362 750 18):
2425 684 2593 753 „Lau-

287 775 491 821 rencius
533 770 835 836 patriarcha,
879 770 1016 820 filius
1061 771 1192 820 Petri
1235 772 1502 839 Mastalici,
1541 773 1673 820 sedit
1713 788 1794 825 an.
1835 787 1913 837 12,
1945 790 2014 826 m,
2046 789 2094 838 9,
2121 774 2170 826 d.
2198 771 2318 837 24“.

464 877 714 927 Danduli
758 874 973 928 Chron.
1011 876 1098 928 lib.
1128 875 1255 942 VIII,
1297 892 1338 927 c.
1365 892 1412 940 9,
1457 892 1574 941 pars
1619 891 1685 940 34
1749 874 2043 944 (Muratori,
2102 876 2285 942 Script.
2327 892 2422 930 rer.
2469 876 2592 936 Ital„

285 964 395 1031 XII,
445 964 587 1031 197):
635 964 980 1026 „Laurentius
1022 963 1309 1029 patriarcha
1350 967 1561 1013 natione
1605 964 1835 1013 Venetus
1866 981 1926 1013 ex
1959 977 2102 1030 patre
2130 965 2281 1014 Petro
2322 965 2591 1014 MastaIIco

285 1053 417 1102 sedit
458 1056 606 1101 anniS
647 1052 757 1110 XII,
802 1054 1071 1102 mensibus
1100 1052 1184 1111 IX,
1213 1054 1396 1102 diebus
1424 1052 1605 1102 XXIV.
1643 1053 1741 1102 Hic
1781 1055 1845 1102 ab
1871 1056 2147 1102 Anastasio
2190 1070 2325 1118 papa
2366 1056 2595 1119 suscepit

285 1143 522 1209 pallium,
562 1143 816 1190 utendum
861 1143 1045 1190 diebus
1087 1143 1573 1206 praedecessoribus
1613 1144 1720 1191 suis
1762 1145 2038 1200 concessis,
2075 1145 2475 1210 tumulatusque
2517 1153 2593 1191 est

285 1234 334 1278 in
380 1230 555 1280 Grado
599 1234 650 1279 in
693 1234 821 1280 atrio
864 1242 1069 1280 sanctae
1111 1229 1491 1298 Euphemiae.“

1264 1456 1374 1542 St.
1431 1475 1601 1543 347.

463 1570 739 1641 Najbrie
782 1572 910 1626 leta
952 1572 1090 1626 910.

458 1661 663 1717 Rimski
708 1666 890 1729 pape}
933 1659 1108 1730 Sergij
1155 1660 1279 1729 (ΙΙΙ.)
1323 1661 1445 1729 pise
1489 1660 1674 1727 Ivanu,
1704 1660 1871 1715 skofu
1901 1661 2222 1731 puljskemu
2264 1661 2589 1732 [johanni

278 1750 522 1804 Polensi
561 1751 902 1820 episcopo“]‚
947 1750 1018 1804 da
1059 1766 1131 1818 ga
1185 1751 1236 1819 je
1278 1755 1343 1803 Ze
1403 1750 1521 1819 prej
1565 1765 1592 1802 s
1634 1751 1835 1819 svojim
1894 1751 2141 1819 pismom
2201 1751 2477 1819 opomnil,
2520 1750 2590 1804 da

284 1841 368 1909 naj
415 1840 469 1893 bi
513 1839 737 1907 (istrski)
780 1838 909 1908 gros
948 1839 1155 1893 Albuin
1212 1839 1375 1893 nebal
1434 1839 1596 1892 delati
1655 1838 1846 1892 {kodo
1908 1841 2098 1908 imetju
2151 1840 2203 1893 In
2258 1839 2470 1909 liudem
2511 1856 2589 1894 ra-

280 1929 613 1999 vennskega
657 1929 930 1983 nadskofa
974 1928 1152 1995 lvana,
1196 1946 1227 1983 3
1266 1929 1383 1982 tudi
1441 1929 1629 1998 imetju
1687 1928 1890 1982 rImske
1945 1929 2160 1995 stolice‚
2202 1929 2393 1983 katero
2435 1945 2498 1983 se
2538 1930 2590 1998 je

282 2019 470 2088 njemu
515 2018 843 2086 (nadskofu)
900 2019 1131 2072 izrocsso
1174 2034 1206 2071 v
1251 2018 1656 2087 oskrbovanje.
1728 2019 1910 2087 Pape}
1966 2019 2140 2087 pravi,
2198 2018 2268 2072 da
2323 2019 2375 2088 je
2433 2018 2587 2087 sedai

282 2107 479 2161 zvedel
524 2124 603 2175 po
635 2109 912 2176 poslancu
955 2107 1344 2176 ravennskega
1386 2106 1681 2175 nads‘kofa,
1712 2107 1783 2161 da
1826 2123 1918 2161 mu
1946 2108 1998 2177 je
2027 2107 2358 2177 (nadskofu)
2384 2107 2588 2162 Albuin

281 2197 530 2265 napravil
574 2213 792 2266 mnogo
836 2197 1019 2250 skode
1064 2202 1143 2250 ter
1184 2197 1252 2250 da
1293 2198 1344 2265 je
1375 2198 1578 2266 svojim
1603 2196 1934 2251 fevdnikom
1965 2197 2287 2266 podeljeval
2316 2197 2587 2265 posebno

281 2291 356 2353 to,
402 2286 495 2339 kar
532 2287 585 2355 je
629 2286 738 2340 bila
780 2286 879 2339 last
922 2286 1124 2340 rImske
1167 2286 1380 2340 stolice.
1424 2286 1609 2355 pape}
1652 2286 1847 2340 veleva
1909 2286 2230 2355 puljskemu
2289 2285 2475 2351 skofu,
2519 2286 2590 2340 da

282 2376 367 2445 naj
411 2393 446 2429 v
489 2376 797 2446 njegovem
841 2378 1239 2444 (papeievem)
1300 2378 1488 2429 imenu
1547 2375 1775 2430 osebno
1835 2376 2127 2445 opominja
2183 2374 2362 2445 grofa,
2420 2375 2587 2429 kateri

281 2465 366 2533 naj
411 2464 547 2518 brez
591 2464 806 2534 odloga
853 2466 1092 2534 nopravi
1138 2464 1345 2519 krivico
1388 2466 1441 2518 In
1486 2481 1707 2533 povrne
1753 2481 1871 2530 vse,
1916 2464 2010 2518 kar
2047 2465 2099 2532 je
2143 2465 2214 2519 bil
2259 2465 2396 2519 vzel.
2461 2463 2586 2518 Ako

281 2570 351 2607 ne
395 2555 449 2607 bi
493 2554 644 2608 hotel
689 2555 941 2624 ubogast,
986 2555 1070 2624 naj
1114 2571 1176 2609 se
1219 2555 1267 2607 iz
1309 2554 1512 2608 cerkve
1555 2554 1756 2608 izobci.
1817 2555 1978 2607 Pisati
2023 2555 2169 2608 hoce
2211 2554 2492 2623 patrIarhu
2534 2555 2586 2608 in

272 2642 519 2708 skofom,
564 2643 634 2696 da
676 2659 747 2712 ga
790 2660 859 2696 ne
902 2645 1226 2713 sprejmejO.
1273 2643 1556 2713 Berengar
1597 2660 1668 2697 ne
1711 2643 1849 2697 dobi
1892 2645 2009 2712 prej
2054 2643 2251 2709 krone,
2290 2643 2490 2698 dokler
2516 2661 2587 2698 ne

279 2732 516 2801 obnubi,
562 2733 634 2786 (13
674 2749 869 2786 vzame
910 2732 1160 2787 Albuinu
1204 2734 1458 2802 njegovo
1502 2733 1751 2801 (istrsko)
1796 2732 1989 2787 marko
2020 2738 2100 2786 ter
2138 2734 2196 2801 jo
2236 2732 2304 2786 da
2347 2733 2587 2787 kakemu

278 2822 579 2891 boljsemu‚
624 2822 797 2876 kakor
835 2824 887 2891 je
931 2838 1024 2877 on.
1082 2822 1487 2892 [„Jampridem
1538 2838 1647 2890 per
1690 2826 1917 2876 nostras
1970 2823 2316 2890 apostolicas
2367 2823 2588 2877 litteras

274 2911 640 2965 admonendo
683 2911 1080 2966 mandavimus
1117 2911 1425 2966 Albuinum
1466 2914 1720 2966 comitem
1757 2927 1862 2980 pro
1890 2913 2054 2967 rebus
2084 2914 2140 2966 et
2163 2912 2416 2981 familiis
2441 2928 2585 2966 reve-

273 3001 586 3054 rentissimi
610 3002 666 3054 et
688 3002 1043 3055 sanctissimi
1079 2987 1389 3072 confratris
1427 3003 1609 3055 nostri
1631 3001 1894 3070 Jolzanni
1930 3001 2283 3060 Ravennatis
2307 3002 2584 3069 archiepi-

268 3091 431 3159 scopi
467 3092 532 3143 ut
569 3090 732 3143 nulla
773 3091 1031 3144 molestia
1071 3091 1404 3161 nullamque
1446 3092 1902 3145 contrarietatem
1959 3093 2017 3144 in
2075 3091 2154 3144 eis
2194 3091 2435 3159 fecisset
2486 3107 2588 3146 nec

274 3179 332 3232 in
374 3179 515 3246 ipsis
555 3196 658 3233 nec
697 3181 757 3233 in
795 3180 960 3234 rebus
998 3180 1185 3234 sancti
1219 3179 1385 3235 Petri
1422 3196 1564 3250 quas
1605 3180 1659 3234 ei
1690 3195 1798 3247 per
1827 3181 2148 3249 preceptum
2191 3181 2581 3234 concessimus.

273 3267 447 3321 Nunc
486 3270 678 3322 autem
721 3270 1088 3338 cognovimus
1123 3286 1230 3339 per
1264 3270 1494 3323 missum
1537 3269 1786 3338 ejusdem
1836 3269 2141 3338 confratris
2179 3271 2362 3323 nostri
2402 3251 2583 3323 arclii-

275 3359 524 3426 episcopi
566 3358 726 3426 quod
762 3360 882 3425 ipse
920 3355 1199 3412 Albuinus
1254 3359 1434 3412 multa
1491 3359 1647 3412 mala
1707 3361 1768 3412 in
1826 3359 2056 3412 easdem
2114 3374 2201 3412 res
2245 3358 2454 3427 faciat,
2510 3359 2589 3425 (et

269 3446 545 3515 quicquid
585 3445 718 3500 inde
759 3447 936 3515 tullit)
980 3451 1034 3501 et
1074 3449 1248 3500 etiam
1289 3449 1348 3501 in
1385 3463 1520 3501 suos
1548 3447 1773 3501 vasalos
1813 3447 1947 3500 illas
1975 3447 2139 3501 dedit
2153 3449 2418 3516 precipue
2458 3462 2582 3500 eam

268 3551 419 3603 quae
447 3535 573 3603 fuit
608 3537 847 3589 sanctae
886 3538 1116 3589 nostrae
1158 3536 1441 3591 ecclesiae.
1489 3536 1656 3590 Unde
1693 3537 1996 3590 sanctitati
2035 3538 2126 3589 tue
2150 3535 2493 3590 mandamus
2522 3538 2587 3590 ut

266 3623 355 3676 ad
392 3640 515 3677 eum
553 3625 975 3691 presentialiter
1011 3626 1189 3679 vadas
1230 3627 1284 3678 et
1321 3642 1556 3679 moneas
1595 3625 1752 3679 illum
1781 3641 1845 3679 ex
1869 3627 2065 3678 nostra
2086 3628 2255 3693 parte
2281 3627 2347 3678 ut
2371 3626 2581 3695 absque

275 3728 434 3766 mora
476 3713 579 3767 lzec
623 3716 814 3768 omnia
858 3714 1158 3768 emendare
1186 3715 1385 3783 faciat
1423 3717 1480 3768 et
1516 3714 1791 3784 quicquid
1830 3714 1963 3767 inde
2011 3714 2166 3768 tullit
2214 3714 2453 3768 reddere
2480 3715 2579 3782 fa-

264 3803 397 3855 ciat.
457 3801 534 3854 Et
568 3804 622 3856 si
659 3818 771 3855 non
808 3803 1020 3871 fecerit
1064 3805 1265 3871 sapiat
1317 3805 1622 3857 certissime
1678 3805 1814 3872 quia
1869 3803 2152 3856 mittemus
2207 3803 2367 3856 illum
2424 3805 2583 3856 extra·

270 3891 565 3944 ecclesiam
609 3893 663 3944 et
698 3892 802 3945 sub
845 3893 1210 3946 anathemate
1253 3908 1376 3945 eum
1418 3892 1832 3946 damnabimus.
1890 3890 2211 3946 Scribentes
2246 3891 2578 3960 patriarcba

271 3981 326 4031 et
363 3980 620 4033 omnibus
663 3981 941 4049 episcopis
981 3982 1365 4049 confratribus
1411 3982 1622 4035 nostris
1661 3983 1725 4034 ut
1763 3996 1886 4034 eum
1927 3997 2040 4034 non
2081 3981 2366 4048 recipiant
2403 3982 2459 4034 et
2495 3982 2576 4034 in-

265 4083 441 4134 super
473 4067 857 4138 Berengarius
897 4085 992 4123 rex
1029 4085 1145 4123 non
1186 4071 1430 4137 accipiet
1466 4086 1501 4122 a
1542 4070 1708 4124 nobis
1765 4085 2031 4124 coronam
2073 4069 2250 4123 donec
2282 4069 2582 4138 promittat
2654 4076 2657 4081 ’
2716 4073 2717 4076 ’

261 4158 333 4208 ut
371 4157 540 4210 tollat
578 4156 822 4211 Albuino
863 4159 1045 4227 ipsam
1086 4174 1336 4213 marcam
1379 4160 1435 4211 et
1471 4159 1568 4212 det
1606 4175 1727 4212 eam
1768 4158 1992 4212 meliori
2029 4173 2199 4227 quam
2255 4159 2374 4226 ipse
2415 4158 2572 4222 est.“]
