2762 4458
284 259 376 302 206
1357 241 1419 298 st.
1454 254 1554 297 271.

284 437 420 490 volil
464 434 742 503 rimskega
786 437 1003 501 papeia
1060 450 1123 486 za
1163 433 1401 500 svojega
1445 431 1654 485 varuha
1708 436 1789 484 ter
1830 433 1998 499 stopil
2053 448 2079 484 s
2120 433 2341 500 svojimi
2384 431 2593 500 pleme-

291 524 444 578 nitasi
500 524 552 577 in
607 523 808 590 svojm
869 522 1174 590 ljudstvom
1233 521 1353 589 pod
1398 522 1652 588 njegovo
1696 520 1955 574 bramb0.
2011 519 2326 588 Obljubuje
2369 535 2481 585 mu,
2524 520 2595 573 da

288 612 437 667 hoffie
480 612 573 665 biti
617 610 809 664 vedno
853 611 1066 679 njegov
1108 608 1380 662 zavetnik.
1426 607 1775 677 Razjasnjuje
1819 624 1912 661 mu
1956 609 2104 662 nauk
2146 625 2181 662 0
2225 610 2362 662 sveti
2391 608 2595 676 Trojici

289 702 341 754 in
385 717 455 769 ga
499 700 828 768 izpodbuja,
874 699 944 752 da
988 699 1040 751 bi
1085 714 1146 751 se
1190 698 1390 766 zmeraj
1436 697 1623 750 ravnal
1669 714 1749 765 po
1791 698 2098 766 njegovem
2143 697 2428 751 navodilu.
2486 696 2593 750 Na·

283 791 486 859 znanja
527 805 638 855 mu,
698 788 768 841 da
811 804 904 841 mu
961 788 1013 856 je
1057 786 1237 856 poslal
1296 789 1558 854 neenega
1598 787 1650 839 in
1692 786 1822 854 jako
1885 791 2152 855 zvestega
2194 786 2492 855 Wichinga
2532 802 2594 839 za

288 878 466 945 skofa,
510 879 773 948 katerega
816 878 900 944 nai
947 880 1140 930 Castno
1186 877 1237 929 in
1282 875 1686 929 odkritosrffino
1730 876 1993 947 sprejme.
2054 875 2179 942 [„In
2219 889 2333 942 qua
2388 877 2443 928 et
2491 875 2594 929 Wi-

285 969 557 1037 chingum
603 965 976 1020 venerandum
1019 965 1343 1033 episcopum
1387 966 1442 1016 et
1466 964 1820 1018 carissimum
1845 966 2187 1034 confratrem
2215 965 2595 1019 ecclesiastica

283 1056 549 1111 ,doctrina
608 1056 890 1109 eruditum
946 1054 1312 1121 repperimuS,
1369 1055 1424 1105 et
1474 1051 1603 1106 ideo
1648 1069 1771 1106 eum
1815 1052 1968 1107 vobis
2020 1054 2104 1106 ad
2139 1053 2447 1124 regendam
2487 1055 2600 1108 sibi

282 1147 647 1200 commissam
689 1161 725 1197 a
767 1143 892 1197 Deo
938 1143 1231 1196 ecclesiam
1288 1142 1620 1207 remisimus,
1676 1142 1812 1211 quia
1857 1142 2269 1210 fidelissimum
2311 1158 2434 1196 eum
2476 1143 2594 1207 tibi,

282 1237 343 1288 et
375 1251 480 1302 pro
524 1237 576 1288 te
615 1235 761 1288 satis
798 1233 1102 1287 sollicitum
1129 1231 1186 1284 in
1217 1230 1477 1285 omnibus
1501 1232 1910 1299 agnovimus.“]
1944 1232 2138 1286 Potem
2170 1233 2376 1302 govori
2413 1236 2595 1300 pape}

280 1341 322 1379 0
365 1323 917 1379 {titidesetdanskem
963 1331 1150 1392 postu,
1195 1341 1231 1378 0
1274 1330 1446 1393 postu
1491 1341 1523 1377 ν
1565 1322 1788 1386 sredah,
1834 1320 2023 1390 petkih
2065 1323 2119 1375 in
2163 1320 2410 1375 sobotah
2454 1328 2593 1375 tero

286 1414 607 1467 kvaternem
653 1417 843 1481 postu.
900 1413 1056 1480 Daue
1100 1415 1222 1480 pise
1266 1429 1301 1467 0
1344 1414 1566 1483 svojem
1610 1412 1943 1481 zacudenju,
2004 1411 2239 1475 slisavsi,
2283 1410 2354 1463 da
2395 1409 2592 1463 Metod

290 1505 380 1557 siri
428 1518 642 1557 nevero
686 1504 738 1556 in
782 1503 1064 1572 napravlja
1107 1518 1326 1571 razpor.
1369 1502 1724 1572 Svetopolku
1768 1502 1940 1570 pravi,
1984 1500 2055 1554 da
2097 1516 2158 1554 se
2187 1501 2376 1568 njemu
2403 1500 2455 1553 in
2483 1499 2595 1568 nie·

290 1607 546 1662 govemu
589 1591 835 1660 ljudstvu
880 1593 933 1645 ni
975 1591 1130 1645 treba
1174 1591 1282 1646 bati
1325 1592 1720 1662 pogubljenja,
1762 1591 1870 1645 ako
1915 1606 1976 1644 se
2010 1595 2209 1658 strogo
2254 1589 2386 1642 drie
2416 1587 2596 1642 nauka

281 1681 492 1735 rimske
537 1680 756 1734 cerkve.
811 1680 1068 1747 Metodu,
1130 1681 1177 1733 ki
1222 1697 1283 1734 se
1322 1682 1376 1750 je
1420 1680 1701 1749 predrznil
1759 1679 2050 1748 opravljati
2092 1679 2269 1748 b0210
2313 1677 2519 1732 slquo
2563 1692 2596 1729 v

285 1770 648 1825 slovanskem
689 1769 874 1838 ieziku
918 1771 969 1823 in
1015 1775 1209 1837 potem
1253 1770 1362 1824 nad
1408 1770 1654 1839 truplom
1698 1786 1779 1823 sv.
1809 1769 1967 1822 Petra
2032 1767 2185 1822 dano
2230 1768 2483 1836 prisego,
2526 1766 2596 1819 da

284 1866 412 1929 {ega
455 1863 558 1914 vec}
601 1857 671 1913 ne'
701 1859 835 1912 stori
859 1862 914 1925 ¹),
958 1859 1232 1928 prelomil,
1278 1859 1679 1928 prepoveduje
1709 1875 1742 1911 ν
1771 1858 2095 1927 ρτίὴοόηῇίᾰ
2125 1857 2281 1911 rabiti
2310 1855 2596 1910 slovanski

276 1950 426 2020 jezik
468 1951 549 2018 pri
594 1949 773 2003 svetih
818 1948 1095 2013 obredih;
1138 1948 1187 2002 le
1230 1965 1264 2002 v
1307 1948 1508 2017 poduk
1551 1949 1913 2017 priprostega
1968 1947 2022 2000 in
2065 1945 2404 2013 nevednega
2456 1944 2594 2013 ljud·

281 2045 401 2093 stva
444 2039 528 2107 naj
576 2055 637 2092 se
681 2037 955 2108 evangelij
999 2039 1052 2091 in
1095 2037 1434 2106 apostolsko
1478 2037 1700 2107 dejanje
1745 2036 2102 2105 oznanJujeta
2142 2051 2174 2088 ν
2218 2037 2480 2088 ῐεᾰεηεῐη
2521 2033 2595 2103 ie-

280 2128 428 2183 ziku.
489 2128 575 2183 Na
631 2127 831 2197 zadnje
892 2128 1066 2197 pravi,
1125 2127 1195 2180 da
1253 2127 1399 2180 kdor
1455 2127 1535 2181 bo
1580 2142 1802 2196 uporen
1858 2127 1911 2179 in
1955 2124 2291 2193 neubogljiv
2331 2129 2411 2176 ter
2451 2119 2595 2177 dela}

284 2234 506 2286 razpor,
549 2219 632 2287 naj
678 2234 739 2271 se
783 2234 862 2287 po
907 2216 1270 2271 dvakratnem
1336 2216 1727 2286 opominjanju
1783 2214 1968 2269 izobffii
2011 2215 2059 2268 iz
2103 2212 2309 2267 cerkve
2351 2218 2432 2266 ter
2473 2227 2597 2281 pre·

286 2313 426 2361 Zene
471 2309 520 2361 iz
562 2308 810 2376 njegove
854 2305 1332 2374 (Svetopolkove)
1394 2306 1608 2360 deiele.
1665 2303 2086 2373 [„Methodium
2128 2315 2373 2370 namque
2409 2315 2598 2369 super-

276 2398 509 2451 stitioni
549 2413 664 2451 non
708 2396 1126 2468 aedificationi,
1178 2396 1529 2450 contentioni
1575 2411 1690 2448 non
1725 2395 1861 2464 paci
1897 2393 2246 2447 insistentem
2300 2389 2599 2445 audientes

279 2487 591 2554 plurimum
632 2487 826 2540 mirati
862 2501 1095 2560 sumus,·
1136 2487 1192 2539 et
1225 2486 1280 2539 si
1317 2486 1400 2539 ita
1430 2487 1515 2538 est
1537 2486 1601 2538 ut
1624 2483 1962 2547 audivimus,
1990 2481 2449 2550 superstitionem
2479 2480 2599 2534 eius

274 2577 511 2645 'penitus
572 2575 929 2630 abdicamus.
986 2575 1308 2630 Anathema
1352 2591 1475 2629 vero
1511 2590 1616 2644 pro
1669 2571 2080 2628 contemnenda
2135 2571 2418 2626 catholica
2450 2569 2598 2640 fide,

278 2667 386 2734 qui
422 2664 632 2719 indixit
667 2666 726 2719 in
769 2667 946 2732 caput
982 2664 1335 2719 redundabit
1374 2666 1508 2718 eius.
1562 2663 1641 2718 Tu
1681 2665 1871 2717 autem
1913 2665 1969 2716 et
1988 2660 2235 2731 populus
2263 2662 2394 2714 tuus
2415 2659 2603 2714 sancti

283 2755 523 2823 spiritus
563 2754 776 2809 iudicio
817 2755 974 2808 eritis
1013 2754 1247 2819 innoxii,
1287 2754 1343 2807 si
1380 2755 1571 2807 tamen
1600 2753 1789 2823 fidem
1813 2766 1985 2821 quam
2012 2750 2276 2810 Romana
2297 2749 2603 2818 praedicat

288 2844 522 2899 ecclesia
566 2844 862 2898 tenueritis
901 2844 1277 2898 inviolabiter.
1318 2842 1534 2898 Divina
1576 2845 1767 2896 autem
1809 2841 2014 2912 officia
2057 2842 2113 2894 et
2146 2855 2313 2894 sacra
2339 2838 2598 2908 mysteria

286 2950 355 2988 ac
393 2934 693 2988 missarum
732 2933 1053 2998 sollemnia,
1094 2947 1245 3001 quae
1284 2931 1433 2986 idem
1473 2931 1810 2986 Methodius
1850 2929 2182 2985 Sclavorum
2224 2929 2424 2999 lingua
2465 2927 2598 2982 cele-

282 3024 451 3078 brare
486 3023 882 3092 praesumpsit,
923 3021 1084 3092 quod
1118 3038 1190 3076 ne
1229 3021 1468 3075 ulterius
1497 3022 1724 3092 faceret
1758 3036 1934 3090 supra
1973 3018 2421 3073 sacratissimum
2448 3017 2603 3071 beati

287 3111 450 3167 Petri
491 3128 696 3180 corpus
736 3113 1055 3166 iuramento
1084 3111 1440 3180 firmaverat,
1480 3111 1574 3164 sui
1606 3109 1847 3178 periurii
1868 3110 2091 3163 reatum
2115 3106 2599 3176 perhorrescentes

287 3202 447 3256 nullo
490 3202 663 3255 modo
706 3201 968 3270 deinceps
1008 3217 1044 3254 a
1083 3201 1340 3269 quolibet
1382 3202 1798 3267 praesumatur.
1858 3197 1977 3251 Dei
2012 3211 2255 3266 namque
2294 3197 2600 3263 nostraque

287 3290 612 3360 apostolica
672 3291 1015 3344 auctoritate
1067 3290 1173 3343 sub
1211 3289 1598 3344 anathematis
1640 3288 1859 3342 vinculo
1911 3285 2317 3350 iuterdicimus,
2372 3285 2598 3351 excepto

284 3381 448 3448 quod
486 3381 571 3434 ad
606 3380 880 3448 simplicis
915 3379 1119 3449 populi
1156 3381 1213 3432 et
1247 3395 1363 3432 non
1390 3378 1764 3448 intelligentis
1790 3375 2261 3447 aedificationem
2302 3373 2522 3438 attinet,
2549 3373 2603 3427 si

291 3471 573 3539 evangelii
613 3470 698 3523 vel
735 3469 991 3536 apostoli
1029 3469 1305 3536 expositio
1346 3467 1419 3521 ab
1446 3466 1683 3521 eruditis
1724 3467 1923 3521 eadem
1964 3465 2165 3534 lingua
2206 3462 2597 3528 annuncietur,

291 3561 345 3611 et
382 3559 663 3626 largimur
697 3560 752 3611 et
790 3558 1165 3622 exhortamur,
1208 3559 1264 3610 et
1287 3558 1353 3610 ut
1366 3557 1830 3627 frequentissime
1843 3556 1969 3626 siat
1991 3568 2298 3620 monemuS,
2327 3554 2393 3606 ut
2417 3553 2600 3605 omnis

291 3649 492 3718 lingua
536 3646 736 3701 laudet
773 3645 958 3699 Deum
1002 3648 1058 3700 et
1096 3647 1446 3716 confiteatur
1481 3647 1546 3699 ei.
1597 3644 1974 3699 Contumaces
2013 3645 2204 3696 autem
2231 3644 2287 3696 et
2309 3640 2597 3696 inoboedi-

291 3738 461 3800 entes,
521 3735 873 3790 contentioni
927 3738 982 3788 et
1017 3735 1300 3789 scandalo
1353 3735 1689 3799 insistentes,
1738 3735 1876 3802 post
1906 3733 2154 3800 primam
2196 3733 2252 3784 et
2288 3730 2598 3784 secundam

290 3826 741 3879 admonitionem
780 3825 834 3878 si
868 3841 929 3878 se
969 3824 1192 3878 minime
1235 3824 1588 3888 correxerint,
1629 3824 1798 3890 quasi
1835 3821 2191 3876 zizaniorum
2230 3820 2599 3874 seminatores

290 3913 364 3966 ab
425 3914 698 3967 ecclesiae
745 3914 964 3983 gremio
1022 3913 1198 3967 abiici
1245 3913 1544 3978 sancimuS,
1604 3914 1658 3965 et
1694 3928 1764 3965 ne
1805 3927 1922 3964 una
1965 3912 2078 3964 ovis
2119 3908 2379 3962 morvida
2421 3909 2598 3961 totum

475 4122 506 4172 1)
542 4118 615 4163 Gl.
648 4119 839 4163 dotiffino
875 4118 1058 4174 opazko
1093 4119 1191 4175 pod
1225 4120 1281 4164 st.
1313 4120 1414 4163 272.
