2762 4458
1221 242 1286 300 St.
1307 253 1410 298 240.
2387 245 2470 289 179

170 324 1401 353 Ψ

342 442 622 496 Iohannis
663 441 893 491 diaconi
934 429 1738 495 Chron.Venet.(Montic010,
1779 425 2054 476 Cronache
2097 424 2472 492 Veneziane,1‚

177 528 511 600 1²2—125):
561 530 838 591 ,Dornnus
878 542 1001 576 vero
1045 525 1225 574 Petrus
1266 500 1570 588 patriarcha,
1611 517 1784 566 relicta
1828 514 2080 565 Gradensi
2124 517 2267 573 urbe,
2311 516 2475 566 Rivo-

167 625 331 675 altum
372 622 674 677 adveniens,
717 618 858 685 apud
898 617 1060 665 sancti
1103 613 1286 663 Iuliani
1342 610 1422 658 sui
1463 607 1767 673 patrimonii
1810 605 2078 655 ecclesiam
2105 607 2143 674 ¹)
2199 608 2471 671 ospitatus,

169 716 236 764 ibi
278 728 369 780 per
409 715 668 776 integrum
729 724 928 756 annum
988 710 1348 755 commoratus
1388 692 1560 763 est;2)
1618 706 1793 744 tamen
1849 693 2134 760 perfectam
2177 711 2297 744 cum
2340 695 2473 744 duce

168 819 351 872 pacem
392 811 610 868 propter
649 796 1043 847 Torcellensem
1083 791 1328 841 ellectum
1369 787 1592 835 minime
1655 782 1894 835 habebat.
1935 785 2146 833 tandem
2189 783 2478 851 patriarcha

170 894 289 943 duci
332 893 566 940 resistere
608 904 715 936 non
757 885 950 942 valens,
993 880 1195 932 occulte
1235 878 1299 927 de
1341 875 1567 926 Venecia
1609 876 1778 942 exivit,
1817 873 2154 941 Romamque
2196 874 2335 923 adire
2377 875 2477 923 dis-

171 982 370 1048 posuit3
430 993 591 1045 quem
650 975 882 1025 domnus
940 986 1075 1038 papa
1116 966 1375 1018 Iohannes
1430 964 1620 1013 devote
1663 964 1969 1028 suscipienS‚
2029 965 2231 1031 integro
2273 979 2413 1013 anno
2433 960 2476 1031 3)

174 1085 357 1119 secum
399 1068 587 1116 morari
630 1081 752 1113 eum
794 1063 979 1127 coegit.
1017 1098 1032 1112 .
1072 1096 1082 1107 .
1125 1054 1174 1106 .“

349 1155 499 1223 (lbid.
538 1172 569 1220 p
640 1149 790 1219 123):
854 1149 1069 1218 „Petrus
1114 1145 1374 1213 siquidem
1418 1141 1727 1212 patriarcha,
1767 1145 1858 1210 qui
1900 1142 2102 1192 Romae
2145 1142 2328 1199 fuerat,
2372 1159 2479 1192 una

176 1263 296 1298 cum
341 1244 569 1294 lohanne
608 1238 802 1309 papa4)
843 1238 1146 1289 Ravennam
1189 1235 1493 1292 adveniens,
1537 1233 1714 1300 ibique
1742 1234 2072 1299 septuaginta
2101 1235 2478 1300 episcoporum

176 1334 364 1386 sinodo
407 1341 733 1398 congregata,
773 1329 909 1378 duos
949 1328 1228 1393 episcopos
1270 1323 1536 1391 Venetiae,
1577 1323 1627 1371 id
1670 1333 1746 1371 est
1785 1321 1997 1372 Petrum
2044 1322 2389 1390 Equilensem
2431 1334 2481 1372 et

176 1422 412 1472 Leonem
453 1420 847 1487 Caprulensem,
889 1427 939 1466 et
978 1432 1088 1483 eos,
1145 1416 1236 1482 qui
1279 1423 1426 1462 erant
1466 1414 1516 1461 in
1560 1412 1745 1461 eadem
1787 1414 2056 1478 provincia
2098 1413 2290 1463 electos
2309 1410 2371 1480 5),
2414 1413 2480 1462 ad

175 1512 400 1561 eundem
442 1510 721 1560 concilium
765 1508 1089 1573 convocavit,
1129 1516 1188 1553 ut
1215 1504 1569 1553 contentionis
1601 1518 1813 1552 causam
1839 1503 1971 1551 inter
1996 1501 2257 1552 Ursonem
2288 1503 2479 1552 ducem

151 1613 227 1650 vet
262 1597 601 1668 patriarcham
661 1597 1054 1663 diligentissime
1113 1594 1498 1644 determinaret.
1545 1592 1636 1642 sed
1677 1592 1807 1641 dum
1849 1594 2085 1659 episcopi
2142 1609 2264 1642 cum
2307 1593 2480 1642 electis

175 1689 317 1739 tarde
355 1699 405 1737 et
442 1687 642 1753 expleta
682 1688 786 1735 iam
827 1685 1018 1734 sinodo
1059 1683 1368 1733 Ravennam
1409 1684 1661 1740 venirent,
1706 1684 2087 1737 communione
2129 1699 2158 1732 a
2199 1699 2333 1749 papa
2374 1685 2481 1749 pri·

173 1779 292 1843 vati,
325 1777 459 1826 duce
496 1787 671 1825 tamen
713 1774 1073 1840 interpellante
1112 1773 1271 1823 soluti
1312 1783 1452 1825 sunt.
1495 1812 1507 1825 .
1552 1776 1598 1824 .“

346 1864 495 1934 (lbid.
526 1883 575 1930 p.
611 1860 767 1932 124):
811 1863 1028 1933 „Petrus
1069 1878 1192 1912 vero
1234 1860 1520 1929 patriarcha
1561 1860 1840 1914 Boloniam
1882 1864 2112 1928 veniens,
2153 1863 2480 1931 aliquamdiu

170 1955 240 2004 ibi
282 1966 660 2007 commoratus.
704 1969 882 2002 rursus
906 1952 1149 2002 Parmam
1190 1952 1316 2001 adiit
1345 1967 1404 2002 ac
1431 1951 1619 2000 deinde
1647 1950 1832 1999 domni
1862 1967 2029 2017 papae
2057 1968 2237 2002 amore
2263 1952 2479 2019 Papiam

170 2046 331 2112 petiit.
369 2084 381 2095 .
424 2086 431 2094 .
474 2085 482 2092 .
525 2083 538 2095 .
592 2042 838 2092 Domnus
890 2041 1108 2110 quidem
1147 2058 1284 2108 papa
1325 2040 1556 2090 Romam
1608 2055 1844 2090 reversus
1885 2042 2043 2110 est6);
2104 2041 2313 2092 Petrum
2356 2059 2480 2093 vero

172 2132 513 2200 patriarcham
557 2132 714 2200 Papie
754 2132 995 2199 reliquit;
1037 2134 1128 2199 qui
1170 2133 1238 2182 ibi
1281 2132 1566 2199 aliquantis
1606 2130 1793 2181 diebus
1833 2147 2071 2191 manens,
2124 2131 2314 2183 dehinc
2354 2133 2482 2183 Tar-

171 2225 359 2272 visium
403 2224 631 2285 veniens,
673 2238 701 2270 a
743 2220 998 2271 Landone
1040 2223 1204 2288 ipsius
1246 2222 1465 2270 civitatis
1508 2223 1761 2288 episcopo
1804 2221 2111 2289 dignissima
2139 2225 2482 2273 veneracione

170 2323 442 2378 susceptus
483 2323 572 2362 est.
600 2312 687 2360 ubi
731 2326 851 2360 cum
894 2311 1074 2378 legatis
1131 2313 1263 2360 inter
1319 2313 1494 2378 ipsum
1551 2321 1601 2360 et
1640 2310 1933 2377 predictum
1989 2311 2181 2362 ducem
2239 2314 2484 2364 euntibus

172 2401 383 2450 tandem
439 2416 538 2465 pax
577 2403 794 2466 pristina
850 2401 1176 2450 consolidata
1218 2411 1367 2468 esset,
1419 2401 1584 2450 isdem
1643 2403 1880 2468 egregius
1921 2400 2159 2467 pontifex
2199 2402 2484 2453 Veneciam

174 2490 438 2555 repedavit
475 2502 525 2539 et
564 2490 696 2540 duce
739 2490 1099 2555 interpellante
1140 2490 1423 2558 aliquantis
1463 2490 1648 2540 diebus
1691 2493 1740 2539 in
1784 2491 1986 2556 palacio
2029 2494 2235 2560 mansit,
2277 2510 2337 2543 ea
2358 2509 2481 2544 vero

175 2580 372 2628 ratione
409 2589 470 2629 ut
507 2578 818 2629 Dominicus
858 2581 1128 2648 presbyter
1166 2578 1520 2629 Torcellensis
1562 2580 1775 2649 ecclesie
1817 2580 2027 2639 electus,
2071 2597 2168 2648 pro
2210 2599 2320 2650 quo
2350 2585 2483 2632 inter

177 2682 270 2717 eos
307 2667 562 2718 discordia
602 2667 786 2733 fuerat,
827 2669 1013 2719 diebus
1041 2669 1174 2719 Petri
1217 2668 1510 2737 patriarche
1540 2666 1836 2736 episcopali'
1852 2674 2245 2722 consecratione
2274 2683 2483 2738 careret,

179 2758 230 2806 in
268 2759 512 2824 episcopii
555 2769 730 2808 tamen
773 2758 939 2808 domo
996 2775 1231 2828 manens,
1287 2757 1495 2808 fruendi
1537 2760 1691 2809 rebus
1732 2762 1896 2826 ipsius
1954 2761 2167 2830 ecclesie
2209 2762 2480 2812 licenciam

176 2842 414 2906 haberet3
455 2850 542 2915 qui
583 2859 704 2914 post
742 2863 942 2914 paucos
982 2848 1092 2897 dies
1133 2864 1253 2898 cum
1296 2850 1517 2914 gratiam
1545 2859 1674 2915 aput
1699 2850 2004 2900 condictum
2032 2849 2341 2918 pontificem
2370 2868 2483 2918 rep·

179 2937 381 3001 periret,
422 2953 543 2986 eum
586 2939 638 2986 in
678 2936 1002 2987 Torcellensi
1044 2939 1259 2988 ecclesia
1300 2938 1366 2987 ad
1407 2940 1709 2988 convivium
1753 2941 2005 2990 invitavit.
2047 2941 2235 2991 deinde
2262 2941 2327 2990 ad
2357 2941 2483 2991 Gra-

177 3022 389 3073 dentem
432 3026 611 3075 urbem
654 3026 943 3094 patriarcha
983 3042 1235 3085 reversus,
1278 3038 1380 3076 tres
1423 3028 1620 3078 electos
1662 3031 1942 3096 episcopos
1971 3033 2307 3098 consecravit,
2330 3032 2382 3080 id
2410 3043 2486 3082 est

183 3108 463 3163 Iohannem
505 3113 882 3186 olivolensem,
921 3128 971 3167 et
1010 3117 1246 3168 Leonem
1290 3117 1792 3176 Metamaucensem‚
1837 3130 1886 3168 et
1928 3118 2218 3169 Iohannem
2248 3118 2484 3171 Civitatis

181 3213 332 3254 nove.
374 3201 552 3254 Petrus
590 3221 716 3256 vero
759 3205 1049 3273 patriarcha
1090 3218 1212 3273 post
1251 3224 1484 3274 paucum
1518 3219 1730 3274 tempus
1756 3208 1818 3256 ad
1847 3207 2152 3258 Rivoaltum
2181 3210 2484 3271 adveniens,

182 3288 236 3336 in
273 3294 430 3340 uncti
473 3290 652 3343 Iuliani
694 3296 903 3346 basilica
943 3298 1199 3363 ospitatus
1242 3308 1349 3356 est;
1394 3300 1483 3365 qui
1527 3314 1635 3347 non
1678 3298 1767 3346 diu
1795 3300 2030 3363 corporis
2058 3301 2364 3365 sospitatem
2395 3317 2481 3367 ge-

183 3390 314 3444 rens,
352 3379 586 3431 molestia
625 3396 920 3454 preventus,
973 3388 1023 3435 in
1067 3386 1248 3435 eadem
1293 3388 1508 3436 ecclesia
1549 3398 1724 3437 sancta
1767 3388 1878 3436 eius
1920 3389 2094 3436 anima
2137 3390 2377 3455 migravit
2418 3391 2481 3439 ad

182 3464 452 3532 gloriam.“

365 3616 397 3666 1)
432 3612 611 3661 Cerltev
643 3630 709 3664 εν.
732 3619 925 3679 Julijana
957 3622 1000 3680 ie
1033 3623 1148 3669 stala
1181 3623 1304 3669 blizu
1339 3623 1559 3669 doidove
1592 3623 1769 3680 palace.

358 3690 395 3740 ²)
428 3688 631 3736 Patriarh
665 3704 717 3739 se
746 3693 789 3751 je
822 3696 1008 3753 naibrie
1042 3698 1131 3743 leta
1163 3698 1264 3743 875.
1289 3698 1434 3743 mudil
1470 3711 1496 3743 v
1532 3698 1785 3743 Benetkah,

359 3764 395 3814 ³)
428 3761 500 3807 To
531 3763 575 3820 je
606 3765 702 3811 bilo
734 3768 921 3826 naibrie
952 3771 1043 3817 leta
1075 3772 1175 3817 876.

358 3838 393 3890 ⁴)
420 3835 516 3883 Cfl'·
545 3837 678 3894 Jaife',
725 3842 837 3901 Rea.
869 3849 1000 3902 pont.
1025 3848 1174 3901 Rom„
1209 3848 1265 3892 st.
1292 3848 1413 3892 3067
1449 3847 1550 3900 (229
1559 3848 1620 3901 6),
1654 3847 1771 3892 3071
1809 3849 1980 3902 (2298),
2014 3849 2131 3895 3100
2164 3852 2333 3907 (2330),
2366 3854 2476 3900 3101

181 3907 337 3962 (2331)
368 3910 412 3954 in
446 3911 563 3958 3108
594 3915 761 3970 (2337).

357 3988 392 4038 ⁵)
427 3985 630 4034 Namrec
663 3989 815 4048 lkofje
847 3994 1138 4050 malamoski‚
1173 3996 1454 4041 cittanovski
1490 3997 1533 4041 in
1570 3996 1799 4042 olivolski.

355 4062 392 4113 ⁶)
427 4059 523 4107 err.
542 4062 662 4110 Ann.
683 4065 809 4113 Fuld.
828 4068 886 4113 ad
913 4083 952 4115 a.
965 4070 1051 4115 877
1078 4070 1214 4124 (ΜΟ.
1240 4070 1334 4124 SS„
1364 4071 1391 4124 Ι,
1416 4072 1547 4125 391);
1573 4071 1694 4115 Ann.
1720 4071 1890 4118 Bertin.
1916 4072 2062 4128 (ibid,
2086 4087 2131 4131 p.
2153 4075 2285 4130 498):
2320 4077 2481 4135 Regin.

183 4129 359 4179 Chron.
383 4134 525 4190 (ibid,
558 4149 602 4194 p.
630 4139 760 4195 589);
807 4142 928 4190 Ann.
954 4144 1194 4189 vedastini
1230 4144 1365 4198 (ΜΟ.
1395 4144 1489 4198 SS„
1524 4145 1572 4199 ll,
1611 4146 1739 4199 196)·;
1781 4146 1926 4192 Andr.
1954 4147 2170 4203 Bergom.
2206 4150 2310 4196 hist.
2346 4153 2482 4207 (ΜΟ.

179 4202 260 4251 SS.
282 4219 366 4253 rer.
390 4208 615 4268 Longob„
648 4226 692 4270 p.
717 4215 837 4270 230).

2219 4319 2295 4361 18·
