2762 4458
277 244 359 288 186
1274 233 1337 289 st.
1364 246 1465 298 250,
1499 246 1598 290 251.

447 422 699 472 Croniea
741 424 810 473 de
850 425 994 486 sing.
1041 430 1183 488 patr.
1225 438 1379 475 nove
1419 425 1688 488 Aquileie
1727 425 2060 493 (MonticolO,
2101 424 2377 476 Cronaehe
2410 428 2576 477 Vene-

268 514 429 579 ziane,
470 511 502 567 Ι,
553 509 667 576 15):
726 553 751 579 „
783 553 792 564 .
826 554 836 564 .
870 554 880 564 .
912 515 992 561 cui
1038 514 1128 580 (sc.
1157 512 1332 578 Petro)
1375 515 1621 561 successit
1651 512 1830 562 Victor
1886 516 2075 582 iunior,
2115 517 2206 581 qui
2249 519 2378 564 rexit
2418 519 2575 578 eccle·

267 603 396 648 siam
440 618 606 649 annos
647 599 810 664 XVII,
853 619 948 654 ms.
978 600 1065 664 XI,
1115 601 1163 654 d.
1206 600 1325 649 XIII
1383 611 1432 677 e·t
1490 603 1726 667 sepultus
1782 614 1858 651 est
1910 614 2028 651 ante
2081 605 2347 664 ecclesiam
2404 617 2576 667 sancte

264 688 554 750 Eufernie.“

444 778 784 829 Chronicon
812 779 1105 829 Venetum
1148 780 1326 843 vulgo
1367 780 1630 830 Altinate
1683 779 1827 835 (MG.
1857 778 1963 844 SS.‚
2004 779 2140 848 XIV,
2189 779 2300 849 18):
2362 781 2576 850 „Victor

264 870 439 916 iunior
479 866 780 933 patriarcha,
827 883 993 932 nepos
1023 871 1364 917 antecessoris
1392 867 1616 917 Victoris
1657 867 1944 934 patriarche
1973 882 2022 918 et
2049 868 2228 918 Vitalis
2269 869 2573 935 patriarche,

263 955 399 1006 filius
443 957 666 1006 Urxonis
709 956 971 1005 Particiaci
1014 957 1129 1014 dux,
1173 958 1306 1005 sedit
1346 974 1429 1010 an.
1466 973 1544 1022 17,
1587 976 1656 1010 m.
1708 974 1787 1020 11,
1830 958 1877 1007 d.
1915 955 2029 1022 13.“

440 1046 720 1096 Iohannis
762 1046 993 1095 diaconi
1035 1045 1254 1100 Chron.
1281 1046 1488 1099 Venet.
1532 1045 1866 1108 (Monticolo,
1920 1047 1952 1099 l.
1986 1063 2045 1105 c.,
2104 1046 2141 1115 1,
2204 1044 2353 1115 125):
2418 1047 2575 1110 „Post

263 1134 403 1184 hunc
445 1133 534 1202 (sc.
564 1117 810 1201 Petrum)
837 1150 961 1183 vero
1005 1136 1067 1182 ad
1112 1133 1434 1183 Gradensem
1477 1136 1873 1206 gubernandam
1916 1137 2187 1185 ecclesiam
2214 1136 2394 1186 Victor
2434 1153 2572 1203 pres-

261 1226 408 1292 byter
448 1226 607 1272 sancti
652 1223 878 1273 SIlvestri
921 1224 1128 1272 basilice
1170 1223 1468 1277 successit.“

441 1313 567 1363 Ibid.
600 1313 654 1373 (l.
682 1329 723 1364 c,
754 1311 789 1374 Ι,
838 1327 953 1380 125,
1003 1309 1153 1380 126):
1198 1312 1388 1380 „Tunc
1428 1311 1616 1363 Victor
1657 1315 1850 1362 electus
1906 1313 2195 1379 patriarcha
2253 1327 2438 1365 octavo
2482 1315 2572 1364 ka-

261 1403 440 1451 lendas
491 1401 731 1450 februarii
758 1399 796 1469 1)
849 1413 1180 1451 consecratus
1236 1414 1338 1463 est3
1400 1405 1491 1470 qui
1551 1406 1707 1452 etiam
1772 1403 2113 1452 Dominicum
2176 1403 2567 1454 Torcellensem

261 1494 485 1542 electum
546 1504 723 1542 contra
773 1493 1099 1541 voluntatem
1159 1494 1496 1550 consecravit,
1553 1495 1808 1560 quoniam
1867 1495 1916 1540 in
1973 1510 2098 1542 suae
2158 1494 2428 1543 electionis
2489 1495 2571 1543 die

259 1594 602 1649 sacramento,
644 1599 670 1630 a
712 1585 946 1648 principe
976 1584 1286 1631 constrictus
1328 1592 1420 1646 est,
1463 1593 1520 1630 ut
1559 1562 1781 1648 qualernx
1814 1585 1923 1648 ipse
1967 1583 2035 1631 illi
2067 1584 2288 1633 electum
2318 1585 2572 1651 dirigeret,

255 1673 412 1721 talem
456 1672 538 1719 ille
581 1684 922 1724 consecraret.
952 1672 1079 1720 dixit
1117 1682 1292 1719 tamen
1336 1672 1431 1719 sibi
1474 1671 1790 1736 patriarcha:
1836 1689 1897 1720 ve
1938 1653 2062 1721 tibi!
2105 1675 2228 1740 quia
2270 1684 2463 1721 temere
2505 1673 2570 1722 ad

257 1761 398 1811 hunc
440 1761 640 1810 accedis
680 1759 956 1811 honorem.
997 1778 1060 1809 an
1105 1763 1271 1809 nescis
1314 1761 1400 1808 ubi
1444 1761 1657 1809 dicitur:
1716 1763 1882 1828 siquis
1925 1764 2267 1827 semetipsum
2309 1762 2569 1824 absiderit,

259 1851 509 1900 deiciatur
549 1867 575 1898 a
618 1846 793 1899 clero?
836 1862 885 1899 et
927 1861 983 1899 ut
1024 1861 1200 1899 coacte
1243 1866 1327 1898 me
1367 1849 1470 1899 hoc
1511 1847 1678 1899 facere
1737 1850 1927 1913 credas,
1984 1853 2034 1898 in
2092 1851 2175 1899 die
2237 1853 2411 1900 iudicii
2473 1866 2567 1916 pro

255 1939 356 1989 hoc
398 1939 617 1992 honore.
663 1941 758 1988 nisi
803 1941 1056 2005 peniteas,
1088 1942 1343 1988 rationem
1388 1939 1596 1997 reddas;
1639 1941 1763 2006 quia
1803 1940 1892 1988 tibi
1937 1939 2046 2006 Ipse
2074 1941 2351 1997 verendam
2382 1957 2568 2006 ampu-

256 2042 360 2077 tare
406 2030 622 2077 minime
663 2026 991 2095 pepercisti,“

434 2117 559 2171 Ibid.
603 2115 656 2187 (Ι.
700 2134 762 2177 e.,
806 2117 842 2182 1,
895 2114 1044 2186 127):
1092 2116 1282 2185 „Tunc
1324 2117 1505 2167 Victor
1562 2116 1850 2183 patriarcha
1892 2134 1952 2167 ex
1991 2116 2088 2167 hac
2141 2119 2257 2167 luce
2316 2120 2569 2184 migravit,

254 2210 343 2274 qui
387 2206 707 2256 Gradensem
751 2208 1129 2274 gubernaverat
1169 2207 1439 2257 ecclesiam
1491 2210 1638 2256 annis
1695 2208 1876 2257 decern
1930 2219 1981 2257 et
2036 2219 2173 2266 octo,
2224 2209 2567 2276 sepultusque

254 2308 329 2346 est
369 2299 417 2344 in
462 2299 590 2345 atrio
635 2308 840 2346 sanctae
883 2295 1178 2363 Eufemie“
1808 2278 1813 2283 ¹

430 2401 684 2452 Danduli
735 2401 1093 2461 Chi-enimn,
1149 2402 1236 2451 lib.
1266 2400 1399 2459 VIII,
1443 2417 1485 2455 c.
1520 2418 1567 2466 5,
1624 2417 1741 2468 pars
1787 2417 1843 2466 3¹
1911 2401 2185 2465 (Muratori
2246 2400 2429 2469 Script.
2469 2417 2564 2453 rer.

255 2490 383 2554 Ital„
424 2491 538 2552 XII,
589 2491 744 2558 187):
804 2490 984 2540 Victor
1023 2491 1286 2540 secundus
1330 2490 1616 2556 patriarcha
1659 2493 1869 2541 natione
1913 2490 2146 2541 Venetus
2187 2508 2248 2541 ex
2288 2503 2431 2558 patre
2474 2491 2564 2542 Ur-

253 2597 380 2629 sone
425 2579 724 2648 particiaco,
749 2581 884 2629 sedit
924 2582 1073 2628 annis
1113 2579 1274 2647 XVII,
1316 2581 1585 2630 mensibus
1625 2580 1712 2646 XI,
1753 2582 1938 2631 diebus
1976 2580 2114 2632 XIII.
2155 2581 2257 2631 Hic
2296 2582 2566 2650 presbyter

255 2683 362 2718 erat
403 2671 648 2720 ecclesiae
691 2673 850 2720 sancti
894 2669 1139 2738 Silvestri,
1179 2673 1268 2738 qui
1311 2671 1430 2720 licet
1470 2673 1677 2733 invitus,
1720 2682 1776 2720 ut
1814 2674 1933 2721 duci
1976 2673 2288 2737 promiserat
2326 2682 2564 2737 tempore

253 2777 374 2808 suae
429 2761 714 2819 electionis,
771 2759 1113 2809 Dominicum
1171 2760 1394 2809 electum
1453 2762 1764 2827 episcopum
1806 2759 2185 2811 Torcellan'um
2227 2762 2562 2815 consecravit.

253 2849 569 2914 redarguens
629 2866 766 2897 eum.
827 2849 974 2916 quod
1030 2859 1210 2898 contra
1270 2860 1460 2898 statuta
1521 2866 1786 2899 canonum
1842 2850 2150 2917 dignitatem
2209 2851 2561 2916 episcopalem

253 2939 538 3003 accipiebat
592 2938 692 2987 Hic
734 2939 796 2987 ab
839 2939 1070 2987 Adriano
1112 2940 1262 2987 tertio
1315 2955 1453 3004 papa
1510 2940 1738 2988 obtinuit
1794 2941 2010 3005 pallium
2068 2941 2323 2988 utendum
2381 2939 2565 2989 diebus
2640 2957 2650 2968 ·

256 3030 511 3076 contentis
556 3029 606 3075 in
650 3029 931 3093 privilegiis
972 3029 1461 3091 praedecessoribus
1502 3031 1609 3078 suis
1651 3031 1912 3078 concessis
1967 3030 2312 3096 sepultusque
2342 3040 2419 3079 est
2446 3039 2564 3078 ante

254 3118 522 3165 ecclesiam
565 3127 770 3165 sanctae
813 3115 1193 3183 Euphemiae.“

430 3368 577 3434 879,
620 3369 745 3423 dne
789 3369 847 3423 8.
891 3371 1078 3436 maja.
1251 3289 1361 3355 Εἴθ’
1404 3288 1564 3356 251·

434 3458 708 3525 Karlman‚
753 3459 879 3527 kral]
934 3459 1189 3511 bavarski
1242 3460 1295 3513 In
1350 3459 1540 3525 italski,
1597 3460 1884 3527 naznanJa,
1944 3458 2013 3512 da
2069 3474 2162 3512 mu
2217 3459 2268 3526 je
2324 3457 2561 3527 oglejski

255 3546 489 3614 patriarh
555 3547 779 3614 Valpert
847 3547 1237 3614 [„venerabills
1305 3549 1387 3602 vir
1452 3547 1784 3618 Walpertus,
1844 3547 2222 3617 Aquilejensis
2292 3547 2564 3601 ecclesiae

249 3636 649 3702 patriarclzffl]
694 3635 931 3703 pokazal
976 3636 1234 3690 nekatere
1277 3637 1456 3691 listine
1501 3638 1995 3704 [„auct0ritates“]
2038 3636 2365 3706 njegovega
2404 3635 2562 3688 strica

256 3726 581 3793 [,‚patrui“]‚
626 3725 888 3795 rainkega
930 3726 1140 3794 cesaria
1183 3725 1395 3794 Lotarja
1415 3729 1476 3792 2),
1520 3735 1714 3794 potem
1758 3727 2081 3794 njegovega
2123 3731 2343 3792 starega
2384 3727 2561 3787 ocem,

254 3813 460 3881 cesarja
492 3813 779 3867 Ludovika
797 3816 858 3880 3),
891 3820 969 3867 ter
1002 3814 1271 3884 slavnega
1300 3816 1507 3883 cesaria
1551 3814 1817 3882 Karoia.4)
1861 3815 1906 3868 V
1932 3813 2023 3868 teh
2067 3813 2280 3867 listinah
2322 3814 2372 3882 je
2403 3813 2560 3878 stain,

431 3976 466 4026 1)
499 3974 605 4018 Dne
638 3975 710 4018 25.
744 3974 967 4031 januaria.

430 4052 462 4086 2,
500 4047 574 4092 01.
608 4049 662 4092 st.
700 4050 798 4094 111.

430 4123 464 4173 3)
501 4121 703 4165 Doticna
734 4121 892 4166 listina.
921 4136 970 4168 se
1004 4136 1111 4167 nam
1147 4124 1192 4167 ni
1227 4123 1452 4170 ohranila.

431 4200 463 4244 4)
499 4194 571 4239 Ol.
597 4195 628 4247 1,
660 4198 714 4240 st.
738 4196 837 4240 284.
