2762 4458
267 165 326 207 70
1318 148 1381 205 st.
1404 162 1474 205 82.

265 342 485 396 hodom
525 342 577 410 ie
620 357 776 394 cesar
816 340 1019 394 Mihael
1061 340 1247 393 izrocil
1290 340 1621 408 poslancem
1654 340 1707 392 in
1751 339 2054 393 Fortunatu
2086 339 2273 408 knjige
2315 355 2396 392 5ν.
2429 339 2563 392 Dio-

267 431 442 499 niziJa‚
507 429 835 498 prevedene
900 445 970 482 na
1008 428 1221 482 latinski
1282 427 1442 496 jezik,
1485 428 1556 480 da
1596 427 1671 496 jih
1734 429 1923 482 izrooe
1980 429 2196 497 cesarju
2254 426 2570 481 Ludoviku.

270 519 314 572 V
359 519 513 572 Pariz
555 534 622 572 so
686 517 834 585 prisii
893 517 1149 586 poslanci
1209 533 1284 591 na,
1338 516 1566 584 praznik
1626 517 2040 585 imenovanega
2100 515 2415 582 svetnika.¹)
2486 515 2572 569 Κο

268 608 517 678 dospejo
562 606 639 661 do
684 607 894 675 cesarja
936 605 1246 671 Ludovika‚
1291 620 1385 658 mu
1428 604 1644 673 oddajo
1688 606 1936 673 pismo2)
1992 607 2046 658 in
2102 605 2315 659 darove
2358 610 2437 657 ter
2478 619 2574 657 rnu

267 696 580 765 naznanijo,
625 695 693 748 da
736 710 802 749 50
848 694 1015 762 prisii,
1060 694 1130 747 da
1173 694 1226 747 bi
1269 710 1331 747 se
1374 695 1473 745 mir
1515 695 1562 746 iz
1619 709 1768 748 nova
1821 693 2044 762 potrdil.
2110 693 2368 747 Ludovik
2405 692 2480 761 jih
2521 693 2574 761 ie

270 785 455 840 uslisal
499 790 578 838 ter
617 785 709 852 jim
753 783 840 837 dal
884 785 1164 851 primeren
1209 783 1497 850 odgovor.
1543 782 1630 838 l<o
1675 799 1743 836 so
1786 782 2117 836 bizantinski
2160 782 2414 850 poslanci
2455 780 2573 834 tudi

268 874 425 943 nekaj
473 873 698 927 ornenili
742 888 777 926 0
822 874 1085 940 ὄεέᾰεηῇυ
1127 871 1305 925 svetih
1350 871 1576 939 podob,
1616 872 1691 941 jih
1748 873 1799 940 ie
1858 871 2117 925 Ludovik
2169 876 2384 924 zastran
2444 875 2572 938 tega

272 963 568 1032 vprasanja
611 962 824 1029 napotil
867 978 901 1014 ν
944 960 1081 1025 Rim,
1125 961 1243 1029 kjer
1300 961 1384 1029 naj
1430 961 1485 1014 bi
1536 977 1597 1014 se
1656 961 2013 1028 posvetovali
2056 977 2082 1013 5
2136 965 2430 1029 ρερεὶεῐη.
2495 958 2578 1012 Za

267 1051 540 1120 patriarha
583 1051 879 1104 Fortunata
919 1067 981 1104 se
1025 1050 1278 1119 poslanci
1324 1050 1449 1104 niso
1510 1050 1800 1119 potegnili.
1856 1049 2031 1104 Cesar
2070 1050 2122 1118 ie
2166 1049 2463 1102 Fortunata
2503 1048 2578 1099 iz-

267 1140 521 1210 praseval
566 1155 601 1194 0
646 1139 860 1193 vzroku
904 1140 1231 1208 njegovega
1274 1139 1439 1207 bega.
1484 1139 1682 1192 Potem
1726 1155 1821 1193 mu
1860 1141 1913 1208 je
1956 1138 2183 1203 narocil,
2226 1138 2297 1191 da
2339 1138 2423 1206 nai
2475 1151 2575 1207 gre

269 1230 302 1281 k
343 1229 647 1283 rimskemu
689 1232 932 1297 ρερεὶυ,
978 1228 1049 1282 da
1089 1244 1160 1298 ga
1203 1228 1401 1281 zaslisi.
1447 1227 1687 1281 Patriarh
1729 1228 1780 1297 je
1824 1233 2019 1296 potem
2062 1230 2123 1281 5ε
2154 1226 2421 1280 nekoliko
2449 1227 2578 1279 casa

267 1318 405 1372 Ξίνε]
448 1323 527 1371 ter
570 1318 708 1372 umrl
752 1335 784 1370 v
829 1318 1122 1386 Franciji.3)
1166 1315 1320 1385 Svoji
1364 1317 1549 1370 cerkvi
1614 1319 1666 1370 in
1725 1317 1947 1386 drugim
2006 1318 2202 1370 svetim
2264 1315 2469 1382 krajem
2524 1315 2578 1382 je

267 1407 500 1475 zapustil
544 1422 764 1475 mnogo
809 1407 1166 1475 cerkvenega
1206 1406 1484 1476 lepotieja,
1529 1407 1718 1460 katero
1766 1402 1821 1460 =si
1870 1408 1921 1475 je
1975 1407 2049 1460 bil
2105 1404 2351 1474 pridobil
2395 1420 2427 1456 v
2469 1404 2578 1456 iiv-

267 1496 454 1566 ljenju.
2198 1558 2203 1564 ι

444 1588 596 1637 Ann.
639 1602 754 1651 reg.
794 1587 995 1638 Frane.
1039 1591 1195 1650 (Ann.
1241 1583 1420 1655 Einh.)
1471 1587 1537 1636 ad
1577 1604 1619 1639 a.
1672 1587 1777 1650 824
1827 1588 1929 1654 (ed,
1987 1587 2027 1636 F
2090 1588 2279 1649 Kurze,
2322 1604 2373 1652 p.
2418 1584 2577 1648 165):

274 1676 444 1745 „Nam
486 1688 535 1726 et
575 1677 698 1726 illuc
738 1675 813 1746 (sc
868 1677 1227 1744 Ratumagum
1270 1674 1552 1743 civitatem)
1608 1677 1807 1743 legatos
1870 1676 2177 1726 Michahelis
2237 1675 2582 1741 imperatoris,

271 1765 360 1830 qui
404 1762 469 1811 ad
510 1779 633 1812 eum
674 1764 1029 1822 mittebantur,
1072 1764 1167 1813 sibi
1223 1781 1491 1815 occurrere
1534 1769 1698 1831 iussit,
1741 1785 1862 1818 cum
1912 1768 2104 1836 quibus
2163 1777 2212 1814 et
2259 1763 2581 1814 Fortunatus

270 1851 559 1918 patriarcha
602 1852 975 1903 Veneticorum
1018 1870 1280 1920 regressus
1322 1856 1385 1904 ad
1428 1858 1538 1905 eius
1579 1859 1719 1904 veuit
1759 1857 2120 1922 praesentiam.
2164 1851 2266 1902 Sed
2287 1852 2439 1917 legati
2482 1852 2581 1897 im-

270 1944 524 2007 peratoris
566 1941 758 1991 litteras
801 1953 849 1990 et
890 1959 1108 1992 munera
1150 1942 1456 2011 deferentes,
1498 1945 1638 2010 pacis
1680 1939 2071 1991 confirmandae
2114 1955 2266 1988 causa
2308 1953 2361 1986 se
2391 1937 2581 1984 missos

269 2046 378 2078 esse
421 2030 648 2080 dicentes
688 2046 783 2096 pro
826 2029 1117 2080 Fortunato
1159 2032 1287 2081 nihil
1329 2034 1489 2082 locuti
1532 2043 1681 2081 sunt:
1726 2034 1857 2080 inter
1898 2039 2095 2079 caetera
2136 2038 2312 2076 tamen
2355 2026 2417 2074 ad
2444 2025 2579 2091 lega·

268 2121 469 2167 tionem
510 2136 658 2168 suam
712 2122 1023 2185 pertinentia
1077 2122 1335 2188 quaedam
1378 2123 1442 2170 de
1484 2124 1777 2188 imaginum
1837 2120 2171 2168 veneratione
2231 2109 2582 2182 protulerunt,

268 2218 483 2273 propter
523 2225 658 2275 quae
699 2226 751 2257 se
794 2209 1023 2259 Romam
1065 2214 1135 2259 ire
1176 2222 1332 2278 atque
1390 2211 1708 2278 apostolicae
1768 2209 1904 2258 sedis
1964 2206 2258 2273 praesulem
2312 2203 2583 2254 consulere

269 2297 455 2346 debere
496 2298 737 2347 dixerunt
797 2297 950 2358 Quos
991 2316 1112 2349 cum
1155 2301 1415 2368 legatione
1471 2316 1655 2349 eorum
1711 2301 1886 2348 audita
1943 2313 2001 2347 ac
2058 2311 2314 2362 responso
2376 2293 2582 2342 reddito

273 2387 580 2454 absolveret,
620 2387 869 2455 Romam,
909 2400 967 2438 ut
1006 2406 1060 2438 se
1105 2390 1232 2439 velle
1274 2391 1529 2456 dicebant,
1571 2390 1760 2439 ducere
1803 2389 1976 2449 iussit;
2030 2385 2383 2436 Fortunatum
2426 2385 2581 2432 etiam

274 2475 337 2523 de
379 2491 533 2524 causa
575 2474 728 2544 fugae
770 2479 932 2542 ipsius
974 2489 1310 2543 percontatus
1352 2479 1416 2528 ad
1458 2479 1867 2528 examinandum
1908 2493 2030 2526 cum
2072 2475 2319 2524 Romano
2346 2468 2583 2539 pontifici

280 2565 474 2616 direxit.
516 2563 630 2630 Ipse
671 2568 1016 2636 Aquasgrani,
1057 2568 1145 2616 ubi
1187 2567 1419 2617 hiemare
1459 2578 1722 2634 statuerat,
1782 2564 2050 2633 profectus
2107 2575 2198 2617 est.
2280 2561 2405 2622 Quo
2461 2577 2583 2611 cum

272 2655 496 2703 venisset
537 2665 586 2703 et
627 2656 694 2704 ibi
736 2657 962 2705 natalem
1005 2656 1221 2706 Domini
1265 2659 1607 2709 celebrasset.
1635 2697 1647 2709 .
1699 2654 1726 2681 ‘⁶

448 2743 740 2795 Johannis
781 2745 1013 2796 diaconi
1066 2746 1407 2798 Chronioon
1446 2747 1739 2798 Venetum
1793 2743 2126 2811 (Montic010,
2168 2740 2442 2792 Cronache
2484 2740 2587 2790 Ve-

274 2835 504 2902 neziane,
544 2832 581 2898 1,
630 2831 774 2901 108):
834 2836 1175 2902 „Antedictus
1216 2837 1432 2903 quidem
1488 2835 1809 2885 Fortunatus
1866 2832 2168 2900 patriarcha,
2210 2835 2424 2899 propria
2462 2832 2584 2880 sede

274 2923 463 2970 amissa
503 2923 796 2972 secundum
838 2925 984 2991 quod
1026 2925 1270 2988 diximus,
1313 2924 1584 2975 Franciam
1627 2942 1748 2975 cum
1790 2924 2082 2975 Grecorum
2112 2926 2280 2972 missis
2306 2923 2587 2991 repetebat,

283 3011 459 3077 ibique
501 3011 828 3079 aliquamdiu
871 3024 1105 3063 moratus
1147 3014 1286 3063 diem
1328 3007 1496 3064 finivit
1535 3013 1876 3066 extremum.“

451 3099 707 3151 Danduli
749 3101 1106 3167 Chronicon‚
1163 3104 1250 3156 lib.
1291 3103 1423 3163 vlu,
1467 3121 1509 3158 c.
1562 3121 1602 3171 1,
1640 3120 1759 3171 pars
1803 3104 1869 3169 36
1914 3103 2206 3170 (Muratori,
2264 3102 2446 3168 Script.
2487 3115 2584 3154 rer.

278 3187 404 3246 Ital„
465 3188 576 3256 XII,
637 3190 784 3256 168):
865 3191 997 3259 „Per
1056 3191 1408 3242 Fortunatum
1467 3195 1642 3260 itaque
1697 3191 2042 3260 patriarcham
2104 3203 2153 3241 et
2205 3193 2404 3257 legatos
2459 3206 2586 3240 suos

278 3276 502 3327 Michael
541 3281 826 3343 imperator
864 3281 1026 3330 libros
1065 3281 1200 3330 beati
1243 3281 1482 3351 Dionysii
1523 3283 1799 3332 translatos
1841 3284 1890 3330 in
1946 3283 2169 3331 latinum
2211 3283 2368 3330 mittit
2408 3279 2585 3329 Ludo-

459 3439 491 3492 1)
524 3439 726 3484 Νειηπεέ
761 3439 853 3485 dne
888 3441 927 3485 9.
963 3440 1176 3486 oktobra.

455 3517 489 3567 2)
524 3512 598 3558 Gl.
632 3514 687 3558 st.
721 3515 791 3560 79.

456 3591 491 3642 ³)
523 3587 642 3644 Kdaj
673 3587 718 3644 je
752 3589 957 3634 Patriarh
992 3590 1217 3636 Fortunat
1250 3590 1384 3644 umrl,
1417 3591 1463 3635 ni
1497 3604 1666 3636 znano.
1700 3591 1816 3637 Brez
1842 3590 2018 3640 dvoma
2042 3592 2088 3635 ni
2113 3591 2170 3635 27
2191 3590 2254 3635 let
2278 3590 2361 3635 kot
2381 3589 2584 3646 patriarh

280 3660 381 3705 vla
401 3661 428 3704 d
449 3661 527 3716 al,
561 3662 732 3718 ampak
765 3662 807 3708 le
840 3662 923 3708 kot
954 3664 1157 3718 patriarh
1192 3664 1302 3709 tako
1337 3664 1481 3722 dolgo
1525 3666 1626 3709 {iv
1646 3665 1702 3710 el
1743 3665 1875 3722 (vixit
1922 3665 1966 3710 in
2017 3665 2378 3721 episcopatum).
2412 3689 2466 3694 -—
2493 3663 2586 3708 Βε-

282 3734 395 3778 sede
431 3738 567 3790 „post
601 3737 841 3782 modicum
874 3738 1089 3794 tempus“
1123 3739 1170 3783 in
1217 3752 1280 3796 pa
1316 3739 1655 3796 „aliquamdiu“
1691 3740 1761 3796 pri
1804 3739 2030 3784 Dandulu
2073 3740 2119 3784 in
2167 3739 2311 3783 Ivanu
2362 3738 2585 3795 dijakonu

283 3821 340 3852 ne
374 3807 667 3865 dokazujejo,
703 3810 761 3855 da
794 3810 837 3867 je
870 3812 1094 3858 Fortunat
1125 3814 1178 3858 Ξε
1210 3813 1302 3858 leta
1334 3814 1436 3858 824.
1469 3813 1527 3858 ali
1559 3826 1622 3870 pa
1653 3814 1756 3859 825.
1788 3814 1921 3859 umrl.
1967 3813 2124 3858 Lahko
2159 3826 2209 3858 se
2239 3813 2283 3870 je
2315 3815 2364 3858 to
2397 3812 2586 3867 zgodilo

285 3882 334 3926 se
358 3881 399 3926 le
433 3882 523 3927 leta
555 3884 669 3938 830„
704 3885 827 3941 tedaj
860 3887 917 3930 27
950 3886 1011 3931 let
1043 3900 1107 3943 po
1141 3888 1332 3945 niegovi
1364 3889 1584 3934 izvolitvi.
1619 3888 1742 3936 Kaie
1775 3900 1842 3943 se,
1876 3888 1937 3933 da
1969 3901 2024 3934 so
2058 3887 2294 3944 patriarhu
2328 3888 2586 3932 Fortunatu

290 3955 406 3999 vzeli
440 3956 643 4012 njegovo
679 3958 832 4004 oblast
864 3962 932 4004 ter
965 3973 1044 4005 mu
1078 3961 1235 4016 pustili
1268 3975 1403 4007 samo
1436 3962 1627 4019 prejsnji
1672 3962 1852 4008 naslov.
1894 3962 1969 4006 Na
2009 3962 2215 4018 niegovo
2248 3963 2402 4006 mesto
2437 3973 2492 4006 so
2525 3974 2588 4016 pa

285 4028 471 4083 nanrie
504 4030 557 4073 Ξε
590 4030 679 4075 leta
712 4032 828 4086 825„
861 4033 984 4090 tedaj
1018 4033 1182 4091 takrat‚
1217 4036 1278 4080 ko
1310 4035 1353 4092 je
1387 4036 1613 4081 Fortunat
1655 4035 1754 4092 prej
1802 4036 1863 4081 k‘o
1895 4049 1955 4081 ne
1995 4037 2046 4081 ἔε
2085 4036 2218 4090 ΞίνεΙ,
2251 4035 2466 4092 VeneriJa
2496 4048 2588 4091 po-

286 4102 431 4146 stavili
465 4116 518 4146 za
552 4105 797 4159 patriarha.
