2762 4458
252 260 340 304 340
1290 247 1352 303 st.
1378 261 1478 304 445.

255 437 431 489 bravo
455 439 525 502 ¹);
587 435 730 503 dalje
786 441 912 489 reZe
973 437 1115 504 meja
1175 452 1253 504 po
1315 436 1463 489 stedi
1523 442 1753 503 prostor
1807 437 1936 490 med
1982 438 2248 506 „Primet“
2296 441 2348 492 in
2398 439 2558 502 „Vui-

255 525 571 578 zilinesteti“
592 527 636 590 2)
688 529 767 576 ter
809 540 879 577 na
934 524 1134 592 zadnje
1177 541 1316 593 sega
1358 524 1434 578 do
1478 530 1543 578 Ze
1585 526 2002 594 imenovanega
2037 526 2250 593 potoka
2290 514 2554 581 Zabnice.

254 616 362 680 [.,.
464 611 811 681 .quandam
852 613 1079 666 nostrae
1114 614 1482 681 proprietatis
1517 615 1740 680 partem
1781 615 1838 667 in
1865 616 2095 683 regione
2137 615 2362 684 vulgari
2402 630 2556 668 voca-

253 702 384 755 bulo
408 656 674 755 Chreme
716 702 771 752 et
808 701 866 753 in
906 700 1140 754 marclza
1184 703 1239 754 et
1275 701 1333 754 in
1387 703 1661 755 comitatu
1701 700 1964 768 Paponis
2006 703 2229 756 comitis
2266 704 2454 767 sitam,
2496 702 2563 755 id

253 793 336 843 est
372 790 471 843 ubi
507 789 719 843 rivulus
761 786 1016 843 Sabniza
1058 790 1335 858 originem
1370 790 1685 857 producere
1712 791 1928 857 incipit,
1961 790 2168 844 deinde
2192 792 2387 844 statim
2417 791 2556 844 occi·

252 880 472 932 dentem
535 893 720 931 versus
775 879 1072 931 cacumina
1129 879 1404 932 montium
1463 878 1748 947 silvasque
1809 879 2203 932 interiacentes
2262 894 2438 948 usque
2477 878 2563 931 ad

251 967 577 1021 Bocsanam
619 966 886 1034 ipsasque
926 966 1089 1033 alpes
1118 965 1443 1019 Bocsanam
1487 969 1543 1019 et
1577 967 1660 1020 sic
1688 966 1942 1034 adfines
1984 967 2291 1020 earundem
2320 967 2557 1033 alpium,

252 1056 457 1110 deinde
496 1055 596 1108 ubi
632 1055 843 1108 rivulus
890 1053 1138 1109 Cotabla
1182 1057 1457 1124 originem
1497 1057 1683 1121 sumit,
1727 1072 1904 1126 usque
1945 1055 2027 1109 ad
2064 1057 2214 1110 lzunc
2254 1056 2437 1110 locum
2461 1056 2560 1110 ubi

250 1146 494 1199 nostium
534 1146 594 1198 in
636 1143 819 1197 Zovra
849 1143 1098 1211 fluvium
1140 1145 1328 1207 mittit,
1369 1145 1564 1212 sicque
1605 1146 1763 1221 trans
1793 1145 2044 1198 Zouram
2085 1160 2262 1214 usque
2303 1145 2386 1197 ad
2407 1159 2555 1198 sum-

250 1218 500 1287 mitatem
543 1233 724 1299 ipsius
763 1232 971 1285 montis
1000 1232 1227 1285 Zourae
1267 1231 1588 1286 adiacentis
1629 1233 1729 1302 qui
1776 1233 2101 1287 extenditur
2143 1233 2414 1286 orientem
2445 1248 2556 1285 ver-

247 1338 359 1387 sus,
404 1324 459 1374 et
506 1323 587 1374 ita
637 1337 744 1390 per
795 1321 1032 1374 eundem
1089 1323 1332 1374 montem
1368 1337 1582 1390 perque
1642 1323 1930 1376 convalles
1969 1337 2147 1390 usque
2186 1322 2267 1374 ad
2308 1324 2556 1374 castrum

249 1411 405 1482 quod
445 1411 607 1480 vulgo
651 1410 890 1464 Bosisen
935 1412 1175 1475 vocatur,
1233 1412 1288 1463 et
1321 1412 1405 1464 sic
1459 1410 1720 1464 deorsum
1772 1410 1847 1464 de
1886 1412 2013 1479 ripa
2056 1412 2330 1479 quantum
2372 1410 2556 1462 exten·

249 1501 408 1553 ditur
444 1501 613 1553 unius
654 1499 842 1567 iugeri
881 1499 1185 1568 longitudo
1228 1515 1406 1568 usque
1447 1499 1531 1552 ad
1558 1500 1762 1552 vadum
1790 1515 1954 1568 quem
1984 1499 2148 1568 vulgo
2177 1496 2559 1551 Stresoubrod

251 1591 464 1653 vocant,
507 1589 697 1657 ibique
737 1588 887 1641 ultra
930 1587 1169 1641 eundem
1197 1587 1447 1655 fluvium
1490 1588 1840 1642 occidentem
1883 1603 2066 1641 versus
2106 1602 2283 1656 usque
2321 1588 2379 1640 in
2410 1586 2554 1639 viam

247 1694 393 1747 quae
436 1679 671 1730 vocatur
692 1677 779 1730 via
816 1675 1294 1740 Clzreinariorum,
1340 1679 1396 1730 et
1430 1693 1652 1730 sursum
1690 1694 1796 1741 per
1831 1677 2071 1731 eandem
2115 1678 2258 1730 viam
2286 1673 2560 1744 quicquid

248 1768 436 1835 campi
473 1767 529 1820 in
573 1767 820 1819 australi
858 1766 1107 1820 eiusdem
1152 1767 1272 1819 viae
1308 1768 1476 1832 parte
1516 1767 1679 1831 iacet,
1736 1768 1819 1820 ita
1861 1768 1924 1819 ut
1962 1764 2178 1819 Primet
2215 1765 2555 1818 territorium

247 1858 302 1909 et
336 1855 541 1909 silvula
583 1870 731 1924 quae
774 1853 1056 1908 Szovrska
1098 1853 1413 1908 Dubravua
1464 1855 1568 1908 sub
1611 1855 1812 1909 eadem
1869 1854 2368 1921 comprehensione
2408 1854 2554 1905 tene·

247 1947 382 1998 atur
417 1946 473 1997 et
507 1944 755 2013 spatium
797 1942 956 2012 quod
992 1944 1141 1996 iacet
1177 1943 1327 1996 inter
1359 1942 1578 1997 Primet
1616 1946 1672 1997 et
1719 1943 2134 1997 Vuizilinesteti
2166 1958 2273 2012 per
2307 1941 2553 1995 medium

247 2033 548 2097 dividatur,
609 2035 664 2085 et
697 2033 780 2086 sic
818 2047 994 2101 usque
1035 2033 1092 2085 in
1141 2032 1472 2100 praefatum
1526 2033 1765 2086 rivulum
1807 2031 2060 2086 Sabniza
2104 2063 2170 2069 ——
2211 2033 2411 2084 nostra
2453 2030 2553 2083 im-

242 2123 453 2190 periali
486 2122 747 2189 potentia
774 2122 830 2175 in
854 2121 1146 2190 proprium
1177 2123 1233 2174 et
1248 2123 1585 2188 perpetuum
1614 2137 1775 2175 usum
1802 2123 2176 2175 concessimus
2194 2121 2554 2190 firmiterque

250 2212 619 2266 donavimus.
648 2255 656 2264 .
683 2212 757 2277 .“]
802 2209 976 2264 Cesar
1018 2209 1274 2279 ukazuje,
1319 2211 1386 2263 da
1429 2211 1514 2279 naj
1548 2210 1700 2275 vsak‚
1730 2210 1779 2263 ki
1807 2210 1863 2263 bi
1891 2225 1970 2278 po
2001 2209 2281 2264 ondotnih
2317 2206 2551 2279 gozdih‚

243 2301 409 2354 kateri
469 2317 529 2353 se
590 2299 982 2367 razprostirajo
1041 2299 1116 2353 od
1177 2299 1394 2368 potoka
1443 2286 1688 2353 Zabnice
1740 2300 1886 2367 proti
1942 2299 2165 2368 zapadu
2209 2298 2285 2352 do
2331 2298 2551 2351 Peeane

236 2392 286 2442 in
347 2389 530 2443 odtod
592 2389 668 2442 do
715 2388 1156 2456 Hotaveljskega
1212 2389 1430 2457 potoka
1486 2389 1539 2441 in
1596 2389 1921 2458 njegovega
1975 2388 2133 2441 izliva
2185 2403 2219 2440 ν
2263 2385 2407 2440 Soro
2452 2387 2551 2452 [‚,a

233 2479 412 2533 rivulo
469 2477 724 2531 Sabniza
780 2493 961 2531 versus
1017 2478 1361 2531 occidentem
1415 2491 1591 2545 usque
1643 2477 1726 2530 ad
1769 2477 1955 2544 finem
1995 2475 2273 2545 Bosanga
2326 2478 2382 2528 et
2417 2473 2554 2528 inde

236 2580 411 2633 usque
457 2565 539 2619 ad
581 2566 695 2619 iam
744 2566 951 2620 dictum
997 2566 1234 2620 rivulum
1283 2565 1572 2620 Clzotabla
1614 2565 1857 2634 indeque
1898 2579 2072 2633 usque
2114 2565 2171 2618 in
2214 2564 2397 2618 Zovra
2426 2563 2549 2632 flu-

239 2657 461 2722 vium“]‚
520 2655 652 2708 brez
711 2654 1038 2723 dovoljenja
1095 2658 1372 2723 reeenega
1429 2654 1588 2709 skofa
1631 2671 1657 2707 s
1702 2655 1976 2722 pomoejo
2027 2669 2176 2721 psov
2218 2653 2282 2707 ali
2328 2669 2397 2706 na
2440 2651 2545 2705 kak

240 2745 388 2811 drug
430 2745 588 2796 naein
634 2743 763 2796 lovi!
810 2743 1110 2811 divjaeino,
1155 2744 1313 2811 plaoa
1356 2743 1590 2797 dotieno
1634 2743 1818 2813 globo
1866 2743 2231 2808 [„bannum“]
2260 2741 2446 2806 skofu,
2478 2757 2547 2794 ne

240 2850 309 2900 pa
353 2849 384 2884 ν
429 2833 683 2900 njegovo
729 2833 1068 2900 (cesarjevo)
1112 2831 1449 2899 blagajnico.
1497 2831 1707 2886 Noben
1750 2831 1896 2901 grof‚
1939 2830 2146 2884 sodnik
2186 2831 2251 2883 ali
2283 2829 2466 2882 dekan
2494 2829 2549 2882 in

239 2920 470 2974 nobena
513 2921 695 2988 druga
735 2921 917 2974 oseba
973 2922 1119 2974 nima
1162 2922 1406 2988 pravice‚
1461 2920 1533 2974 da
1576 2920 1630 2972 bi
1674 2936 1734 2973 se
1790 2920 1925 2973 brez
1969 2918 2295 2987 dovoljenja
2337 2917 2548 2971 freisin—

238 3010 412 3077 skega
456 3008 615 3063 skofa
657 3010 722 3062 ali
767 3010 1091 3078 njegovega
1134 3009 1478 3063 namestnika
1521 3009 1716 3063 vtikala
1760 3026 1790 3059 ν
1835 3009 2092 3062 ondotne
2134 3007 2366 3061 zadeve.

424 3215 454 3267 1)
490 3213 748 3271 Οοῑόίἔεν,
782 3214 1003 3259 Dobrava
1035 3215 1352 3268 imenovanih,
1384 3215 1427 3270 je
1447 3216 1531 3259 νεό
1565 3228 1625 3259 na
1652 3214 1871 3260 Sorskem
1897 3214 2026 3271 polin
2054 3214 2162 3258 med
2191 3213 2309 3258 Soro
2336 3214 2380 3257 in
2406 3211 2548 3267 Savo,

236 3286 344 3330 tako
380 3301 423 3331 n.
447 3301 514 3342 pr.
542 3287 705 3332 Velika
739 3287 976 3342 Dobrava,
1012 3288 1269 3333 Smrekova
1304 3289 1527 3334 Dobrava
1560 3290 1640 3334 itd.

418 3379 454 3430 2)
487 3377 627 3424 Rekel
661 3389 777 3430 sem,
813 3378 872 3421 da
905 3391 959 3422 so
995 3379 1166 3423 Primet
1200 3379 1355 3423 Prase.
1394 3405 1443 3410 —
1481 3379 1564 3434 Kaj
1598 3379 1640 3435 je
1674 3392 1734 3435 pa
1769 3378 2134 3423 Vuizilinesteti?
2172 3377 2420 3431 „Wiselin“
2457 3389 2545 3432 po-

235 3449 388 3505 menja
421 3462 449 3493 v
482 3451 802 3507 srednJeveski
837 3452 988 3496 visoki
1024 3453 1251 3497 nemsc‘ini
1286 3453 1553 3497 travnio
1574 3453 1673 3507 ek,
1712 3456 1883 3507 „stete“
1920 3466 1981 3508 pa
2015 3451 2182 3508 krai,
2232 3463 2349 3506 pro
2370 3453 2546 3503 ster,

236 3536 262 3566 a
295 3524 392 3567 tudi
425 3523 455 3568 b
476 3537 494 3568 r
513 3538 536 3568 e
555 3538 598 3580 g.
633 3525 970 3570 Vuizilinesteti
1004 3526 1245 3579 (travniski
1279 3526 1411 3581 breg)
1443 3526 1486 3582 je
1520 3527 1708 3583 najbrie
1735 3527 1930 3583 sedanja
1953 3539 2037 3571 vas
2063 3526 2184 3582 Breg
2210 3525 2278 3581 pri
2304 3523 2409 3569 Savi
2435 3523 2545 3568 med

235 3597 442 3641 Prasami
477 3597 522 3641 in
556 3597 789 3654 Kranjem.
826 3624 876 3630 -
914 3599 981 3643 Mi
1014 3613 1169 3654 verno,
1205 3601 1264 3644 da
1299 3601 1473 3645 Primet
1506 3613 1560 3645 so
1598 3602 1738 3646 Prase
1771 3602 1816 3645 in
1853 3602 1912 3645 da
1946 3614 1995 3646 se
2028 3603 2071 3656 je
2105 3600 2197 3644 nad
2231 3600 2363 3655 Jamo
2397 3598 2540 3643 naha·

234 3669 321 3724 jala
355 3671 475 3726 meja
507 3670 750 3716 freisinske
786 3673 948 3728 zemlje
981 3675 1050 3718 ter
1081 3686 1132 3718 se
1166 3674 1315 3718 vlekla
1350 3674 1412 3718 od
1448 3673 1567 3719 Save
1602 3677 1724 3730 proti
1757 3675 1946 3719 zahodu
1981 3675 2043 3718 do
2070 3673 2295 3730 Kranjske
2321 3674 2447 3717 ceste
2474 3674 2543 3716 ter

235 3746 394 3797 potem
430 3745 589 3800 naprej
624 3747 745 3801 proti
781 3747 962 3801 potoku
996 3735 1192 3791 Zabnici
1226 3747 1408 3792 kolikor
1441 3748 1586 3792 toliko
1622 3763 1686 3804 po
1719 3749 1793 3793 isti
1829 3749 1926 3803 orti,
1976 3749 2018 3792 ki
2054 3749 2104 3792 se
2138 3747 2268 3802 sedai
2302 3747 2392 3790 lobi
2426 3748 2544 3790 stra-

234 3817 362 3861 iisko
398 3818 572 3862 obeino
608 3819 670 3863 od
706 3820 982 3865 staroloske.
1032 3821 1123 3867 Ker
1155 3822 1285 3876 pravi
1321 3821 1487 3875 listina,
1523 3822 1583 3866 da
1638 3824 1866 3877 „spatium
1904 3823 2034 3879 quod
2067 3823 2186 3867 iacet
2219 3823 2337 3866 inter
2371 3822 2543 3865 Primet

234 3893 278 3933 et
311 3890 647 3937 Vuizilinesteti
680 3906 710 3948 p
730 3905 793 3938 er
827 3907 870 3937 m
891 3908 915 3939 e
935 3895 1042 3938 diu
1062 3909 1106 3938 m
1142 3895 1418 3950 dividatur“,
1450 3896 1493 3952 je
1526 3897 1567 3940 iz
1601 3899 1708 3953 tega
1740 3897 1980 3951 razvidno‚
2015 3896 2087 3952 kJe
2121 3909 2228 3940 nam
2260 3895 2304 3951 je
2335 3895 2469 3939 iskati
2495 3896 2544 3938 ta

231 3963 580 4010 Vuizilinesteti.
629 3966 697 4011 Bil
730 3967 773 4022 je
807 3970 995 4013 namreffi
1044 3982 1099 4013 za
1132 3969 1277 4014 toliko
1327 3971 1390 4014 od
1425 3971 1592 4015 reeene
1639 3971 1759 4027 meJe
1793 3971 1915 4027 proti
1949 3983 2132 4024 severa,
2181 3983 2235 4014 za
2269 3969 2452 4014 kolikor
2483 3981 2539 4012 so

234 4037 374 4081 Prase
407 4039 530 4092 proti
562 4039 690 4096 jugu.
726 4040 795 4084 Ta
829 4041 922 4097 kraj
957 4055 1017 4098 pa
1051 4056 1108 4087 ne
1142 4056 1272 4087 more
1305 4042 1387 4087 biti
1424 4044 1555 4097 drug,
1590 4043 1736 4088 kakor
1768 4057 1851 4089 vas
1886 4044 2022 4100 Breg,
2057 4043 2136 4088 ker
2168 4043 2395 4099 sosednja
2418 4043 2540 4087 Dru-

232 4109 370 4153 lovka
402 4111 444 4166 ie
477 4112 530 4156 Ze
563 4113 914 4170 preoddaljena.
951 4141 1003 4145 —
1037 4116 1268 4171 Napaeno
1303 4117 1348 4161 bi
1381 4117 1492 4171 bilo,
1526 4117 1615 4162 ako
1649 4118 1695 4162 bi
1729 4131 1750 4162 s
1779 4117 2088 4174 Schumi-J'em
2113 4116 2541 4174 (Urkundenbuch,

235 4182 262 4236 1,
300 4184 367 4237 12,
403 4187 501 4239 op.)
535 4185 671 4243 trdili,
705 4186 765 4230 da
797 4187 1131 4232 Vuizilinesteti
1166 4202 1220 4233 so
1253 4177 1487 4234 Zelezniki
1521 4204 1547 4234 v
1584 4190 1731 4235 Selski
1765 4191 1924 4237 dolini.
