2762 4458
241 250 296 292 52
1326 232 1391 289 st.
1416 246 1486 289 57.

240 426 360 493 prvi
403 424 536 478 bitki
580 440 647 478 so
690 440 751 478 se
794 439 889 478 mu
931 422 1269 477 Guduskani
1314 423 1625 487 izneverili;
1685 422 1873 476 Borna
1909 423 1962 491 je
2003 422 2078 476 bil
2121 423 2286 492 pobit
2327 425 2380 477 in
2423 425 2549 478 resi}

238 532 300 570 se
339 515 392 583 je
434 515 483 568 le
526 531 552 568 s
595 513 869 582 ροιηοᾰῇο
912 513 1073 581 svoje
1116 511 1328 566 telesne
1374 515 1550 564 straie
1567 512 1626 579 1).
1677 511 1725 564 V
1765 511 1907 580 boju
1946 512 1999 579 je
2041 511 2208 579 padel
2251 513 2368 582 tugi
2410 513 2551 566 Dra-

239 606 530 676 gomoffl),
587 602 922 671 Liudevitov
962 604 1081 665 tast,
1140 599 1190 653 ki
1231 601 1284 669 je
1325 604 1391 653 Ξε
1433 616 1468 652 ν
1509 599 1742 653 ΖειέείΙω
1783 600 1956 668 vome
2012 601 2252 668 zapustil
2306 602 2551 671 svojega

237 699 358 748 zeta
397 699 478 747 ter
519 691 686 759 stopil
730 706 800 743 na
840 688 1113 743 Bornovo
1156 693 1321 742 stran.
1380 687 1468 743 Κο
1509 703 1578 741 so
1620 704 1681 741 se
1733 693 1864 743 nato
1907 687 2244 743 Guduskani
2307 690 2552 758 povrnili

236 801 271 838 v
311 784 472 852 svoje
516 781 757 835 domace
799 778 965 848 kraje,
1007 777 1083 847 jih
1123 778 1176 847 ᾖε
1218 776 1406 831 Borna
1447 777 1496 830 iz
1537 792 1688 830 nova
1729 777 1932 846 spravil
1977 777 2099 846 pod
2142 779 2310 847 svojo
2342 779 2543 833 oblast.

413 890 558 939 Ann.
586 901 702 951 reg.
731 885 937 936 Frane.
980 881 1133 952 (Ann.
1164 882 1342 943 Einh.)
1384 883 1448 930 ad
1489 899 1531 933 a.
1559 884 1665 934 819
1708 883 1807 945 (ed.
1833 882 1887 934 F.
1919 883 2107 941 Kurze‚
2150 901 2201 947 p.
2233 886 2350 951 150,
2397 886 2551 945 151)2

239 979 575 1048 „Iterumque
626 985 918 1024 conventus
967 989 1146 1021 mense
1189 971 1322 1020 Iulio
1365 972 1506 1036 apud
1547 970 1899 1038 Ingilunheim
1948 972 2203 1037 palatium
2249 971 2458 1022 habitus
2499 983 2552 1022 et

236 1070 488 1117 exercitus
529 1065 592 1113 de
623 1064 764 1112 Italia
791 1065 842 1110 in
873 1062 1199 1110 Pannoniam
1244 1070 1458 1125 propter
1500 1060 1779 1109 Liudewiti
1821 1061 2164 1109 rebellionem
2207 1063 2413 1129 missus,
2453 1064 2546 1128 qui

234 1159 388 1206 rebus
428 1170 615 1221 parum
656 1166 906 1217 prospere
947 1153 1102 1216 gestis
1143 1147 1335 1198 infecto
1378 1165 1512 1214 pene
1554 1151 1767 1213 negotio
1809 1164 2072 1214 regressus
2113 1161 2203 1202 est.
2255 1153 2318 1199 Et
2357 1149 2550 1199 Liude-

238 1249 388 1297 witus
429 1242 672 1308 superbia
721 1241 885 1289 elatus
930 1240 1130 1305 legatos
1171 1240 1319 1304 quasi
1370 1254 1553 1303 pacem
1603 1238 1830 1304 petendo
1872 1239 1938 1286 ad
1979 1241 2351 1303 imperatorem
2392 1241 2551 1297 misit,

235 1335 562 1386 conditiones
615 1330 870 1398 quasdam
926 1344 1248 1395 proponenS‚
1288 1327 1352 1375 ad
1394 1342 1619 1394 quarum
1663 1330 2059 1376 concessionem
2103 1344 2178 1393 ea,
2225 1344 2360 1394 quae
2402 1329 2553 1376 iube-

234 1418 426 1486 rentur,
468 1439 521 1470 se
563 1420 824 1470 facturum
866 1418 1226 1483 pollicebatur.
1283 1415 1431 1480 Quas
1473 1431 1594 1464 cum
1638 1418 1924 1481 imperator
1963 1433 2071 1464 non
2115 1419 2364 1481 reciperet
2403 1417 2551 1464 alias-

233 1531 336 1582 que
371 1515 422 1562 ἐἰ
465 1526 557 1577 per
596 1526 722 1558 suos
761 1509 959 1575 legatos
1002 1516 1336 1572 proponeret,
1381 1498 1800 1570 permanendum
1843 1506 1938 1554 sibi
1975 1507 2027 1553 in
2058 1504 2301 1554 inchoata
2335 1503 2551 1571 perfidia

230 1604 375 1653 velut
415 1603 677 1668 optimum
722 1598 956 1646 iudicans
996 1597 1167 1644 missis
1208 1597 1622 1661 circumquaque
1663 1595 1843 1660 legatis
1871 1597 2069 1644 vicinas
2110 1597 2249 1644 iuxta
2283 1612 2337 1643 se
2370 1605 2550 1661 gentes

233 1694 297 1742 ad
337 1692 534 1741 bellum
576 1689 851 1738 sollicitare
895 1687 1105 1736 curavit.
1148 1683 1587 1732 Timocianorum
1631 1700 1850 1750 quoque
1893 1685 2174 1750 populum,
2216 1686 2307 1751 qui
2337 1685 2550 1732 dimissa

232 1781 577 1848 Bulgarorum
632 1779 877 1826 societate
919 1775 983 1823 ad
1025 1777 1397 1839 imperatorem
1438 1775 1613 1821 venire
1655 1789 1714 1822 ac
1754 1774 1950 1822 dicioni
2001 1775 2112 1822 eius
2153 1789 2207 1821 se
2249 1774 2548 1837 permittere

232 1870 494 1938 gestiebat,
537 1885 602 1916 ne
642 1866 745 1916 hoc
786 1863 1027 1931 efficeret,
1074 1866 1142 1912 ita
1184 1864 1456 1927 intercepit
1496 1878 1554 1911 ac
1598 1861 1738 1911 falsis
1780 1863 2207 1927 persuasionibus
2250 1862 2440 1918 inlexit,
2494 1871 2556 1910 ut

233 1963 448 2016 omisso,
491 1958 636 2025 quod
680 1955 846 2005 facere
888 1954 1163 2019 cogitabat,
1207 1949 1454 2017 perfidiae
1496 1952 1632 2000 illius
1673 1954 1845 2001 socius
1887 1962 1936 2000 et
1976 1951 2183 2000 adiutor
2223 1953 2473 2002 existeret.

409 2048 651 2096 Exercitu
691 2060 814 2093 vero
857 2045 920 2092 de
962 2043 1232 2091 Pannonia
1281 2056 1487 2090 reverso
1530 2038 1800 2090 Cadolach
1841 2041 1947 2089 dux
1986 2039 2366 2090 Foroiuliensis
2408 2037 2549 2089 febre

232 2149 501 2204 correptus
543 2138 594 2183 in
637 2137 747 2200 ipsa
790 2148 962 2181 marca
1018 2132 1252 2181 decessit.
1312 2128 1413 2179 Cui
1464 2146 1585 2179 cum
1640 2129 1904 2179 Baldricus
1961 2139 2095 2178 esset
2145 2130 2458 2196 subrogatus
2501 2138 2554 2178 et

231 2231 280 2276 in
325 2225 751 2278 Carantanorum
795 2224 1083 2288 regionem,
1122 2237 1254 2287 quae
1296 2219 1361 2286 ad
1403 2221 1566 2284 ipsius
1608 2235 1787 2269 curam
1829 2220 2135 2286 pertinebat,
2179 2217 2362 2268 fuisset
2389 2220 2548 2285 igres-

230 2334 337 2384 sus,
379 2317 594 2364 obvium
638 2314 707 2362 ibi
747 2311 930 2362 habuit
970 2310 1247 2359 Liudewiti
1291 2311 1606 2375 exercitum3
1656 2325 1816 2376 quem
1860 2311 2000 2358 iuxta
2036 2308 2278 2359 Dravum
2322 2306 2546 2357 fluvium

230 2409 323 2456 iter
363 2414 602 2471 agentem
644 2417 806 2469 parva
846 2417 1007 2449 manu
1049 2396 1320 2466 adgressus
1362 2399 1600 2463 pluribus
1642 2396 1923 2447 interfectis
1964 2409 2014 2447 et
2054 2399 2235 2446 avertit
2276 2408 2326 2447 et
2366 2397 2429 2446 de
2459 2397 2544 2446 illa

230 2496 498 2560 provincia
541 2491 758 2557 fugavit.

409 2582 582 2631 Borna
622 2596 744 2630 vero
787 2580 893 2628 dux
935 2578 1224 2627 Dalmatiae
1274 2564 1395 2626 cum
1439 2578 1642 2642 magnis
1684 2578 1848 2641 copiis
1889 2576 1954 2624 ad
1995 2574 2281 2641 Colapium
2324 2574 2548 2624 fluvium

230 2672 529 2724 Liudewito
584 2670 647 2718 ad
694 2686 746 2718 se
790 2670 1012 2717 venienti
1073 2681 1350 2716 occurrens
1407 2668 1457 2713 in
1514 2668 1681 2731 prima
1735 2667 2105 2731 congressione
2146 2681 2175 2714 a
2217 2663 2551 2714 Guduscanis

231 2763 502 2826 deseritur;
544 2759 736 2808 auxilio
779 2765 954 2806 tamen
998 2758 1451 2822 praetorianorum
1493 2770 1714 2803 suorum
1756 2764 2023 2821 protectus
2066 2757 2240 2807 evasit.
2300 2754 2453 2802 Periit
2494 2757 2544 2802 in

231 2868 293 2900 eo
335 2850 536 2916 proelio
579 2848 941 2913 Dragamosus
982 2860 1134 2896 socer
1187 2845 1482 2913 Liudewiti,
1522 2847 1613 2911 qui
1656 2847 1707 2892 in
1750 2844 1964 2892 exordio
2010 2841 2319 2893 defectionis
2360 2844 2543 2892 relicto

230 2955 421 3006 genero
464 2938 667 2986 Bornae
708 2954 760 2984 se
803 2939 1159 2986 coniunxerat.
1201 2933 1505 2983 Guduscani
1548 2934 1773 2982 domum
1815 2935 2030 2999 regressi
2073 2935 2259 2982 iterum
2304 2949 2331 2982 a
2371 2932 2546 2982 Borna

230 3025 592 3094 subiguntur.“

406 3117 544 3166 Vita
583 3117 852 3166 Hludow.
893 3115 1047 3177 imp,
1090 3130 1131 3162 c.
1176 3115 1243 3164 32
1286 3111 1428 3182 (MG‚
1460 3111 1567 3180 SS.,
1606 3111 1665 3175 II,
1708 3109 1863 3179 624):
1909 3115 2152 3180 „Aestate
2193 3111 2546 3178 subsequente

229 3210 280 3255 in
325 3204 748 3272 Hengelimheim
799 3205 991 3267 palatio
1043 3204 1275 3267 populus
1318 3203 1429 3250 eius
1471 3204 1718 3251 convenit
1757 3202 1820 3249 ad
1863 3219 2001 3252 eum.
2054 3200 2360 3267 Ibidemque
2402 3215 2551 3248 exer·

229 3298 360 3344 citus
412 3298 490 3342 sui
548 3296 761 3342 nuntios
816 3294 1057 3358 recepist,
1116 3295 1207 3358 qui
1262 3302 1441 3340 contra
1499 3291 1757 3340 Liudeviti
1822 3301 2055 3356 apertam
2121 3289 2537 3355 perduellionem

229 3385 666 3450 conprimendam
711 3384 853 3430 missi
896 3380 1114 3432 fuerant.
1156 3381 1257 3430 Sed
1300 3381 1439 3429 idem
1482 3383 1755 3446 negotium
1798 3396 1965 3445 paene
1998 3381 2248 3427 remansit
2275 3375 2544 3428 infectum.

230 3478 297 3522 At
336 3488 459 3522 vero
503 3489 597 3538 pro
641 3471 720 3519 his
760 3482 888 3540 typo
932 3470 1139 3519 inflatus
1181 3471 1504 3537 arrogantiae
1547 3469 1870 3534 Liudevitus,
1911 3468 2168 3534 quasdam
2213 3467 2549 3516 conditiones-

230 3563 531 3626 imperatori
574 3576 666 3626 per
708 3563 896 3608 missos
938 3560 1206 3607 mandavit
1244 3575 1385 3622 suos,
1426 3575 1555 3624 quas
1584 3559 1624 3606 si
1655 3559 1940 3622 imperator
1980 3558 2235 3623 impleret,
2275 3558 2383 3622 ipse
2410 3573 2549 3622 quo·

229 3667 333 3717 que
377 3662 433 3698 ut
473 3651 676 3715 pridem
727 3652 837 3697 eius
891 3650 1179 3713 praeceptis
1234 3658 1450 3713 pareret.
1505 3646 1607 3695 Sed
1648 3645 1776 3695 haec
1815 3657 2090 3713 tamquam
2132 3647 2333 3695 inutilia
2374 3647 2436 3694 ab
2479 3661 2541 3694 eo

229 3749 398 3803 spreta
440 3749 596 3804 atque
638 3740 824 3786 reiecta
865 3748 996 3787 sunt.
1042 3737 1349 3785 Liudevitus
1392 3747 1567 3784 autem
1596 3753 1647 3783 ln
1679 3752 1773 3784 sua
1817 3751 2083 3784 remanere
2113 3733 2330 3800 perfidia
2371 3744 2540 3782 ratum

410 3901 442 3952 1)
474 3899 596 3943 Ann.
615 3911 711 3954 reg.
730 3899 905 3942 Frane:
942 3932 960 3952 „
983 3932 994 3942 .
1016 3933 1025 3942 .
1044 3929 1054 3939 .
1073 3897 1246 3942 auxilio
1273 3900 1428 3942 lamen
1463 3900 1674 3953 praeto
1691 3898 1939 3941 rianoru
1958 3910 2003 3941 m
2038 3909 2232 3941 suorum
2255 3897 2539 3952 protectus.“

230 3998 282 4004 —
317 3972 373 4016 Ti
420 3973 757 4028 „praetoriani“
806 3984 862 4016 so
902 3971 980 4016 bili
1013 3972 1237 4016 Bornova
1276 3971 1455 4016 telesna
1486 3971 1652 4017 straia.
1685 3971 1793 4016 Vita
1833 3971 2057 4016 l-lludow.
2089 3971 2182 4015 ima
2216 3969 2415 4024 „auxilio
2450 3969 2551 4012 do-

227 4047 469 4091 mestico.“

405 4123 443 4173 2)
476 4121 804 4177 Dragamosus
844 4120 886 4176 ᾖε
931 4120 1218 4174 Dragomol‘z.
1263 4118 1499 4176 Primerjaj
1530 4120 1687 4164 imena
1725 4118 2006 4174 Dragobrat,
2041 4119 2292 4175 Dragomir
2322 4117 2402 4161 itd.
2441 4115 2548 4162 Cfr.

225 4193 367 4241 Racki
401 4206 430 4237 v
463 4193 595 4238 Mon.
630 4196 776 4249 spect.
810 4194 914 4239 hist.
952 4192 1126 4238 Slavor.
1162 4205 1289 4247 mer„
1323 4193 1417 4248 Vll,
1453 4194 1554 4238 323.
