2762 4458
1244 242 1308 299 st·
1343 254 1444 308 517,
1478 254 1578 300 518.
2472 253 2560 299 399

230 432 584 489 Bavarskern-
627 434 748 501 [„in
797 432 1062 503 partibus
1117 431 1416 500 Bauuarc'e
1476 432 1535 486 in
1576 432 1703 486 loco
1744 430 2111 498 Asclzouu‘ffl]
2156 448 2186 484 z
2229 432 2404 485 vsemi
2449 433 2556 500 pri-

228 515 523 578 teklinami.
585 521 671 576 Na
711 521 913 591 zadnje
955 521 1210 591 prepusti
1252 520 1383 576 skof
1419 518 1628 575 Albuin
1671 521 1934 588 svojemu
1990 520 2150 574 bratu
2193 537 2256 573 za
2298 521 2407 574 {tiri
2449 520 2553 574 leta

228 627 264 665 v
304 610 488 665 uiitek
527 610 703 666 toliko
747 609 1133 682 vinogradske
1187 609 1404 679 zemHe,
1464 609 1686 664 kolikor
1728 609 1782 662 bi
1824 609 1876 678 je
1921 608 2114 679 mogla
2155 609 2403 663 obdelati
2447 610 2561 678 dva,

242 700 478 769 hlapca;
523 705 654 755 nato
697 700 784 770 naj
826 701 885 769 jo
930 716 1003 768 pa
1043 703 1219 768 zopet
1260 697 1402 752 dobi
1447 700 1621 768 nazaj.

408 789 661 843 Nastetih
703 790 755 859 je
797 791 902 843 vec
944 789 1078 857 pric.

407 878 614 932 Datum
657 877 893 948 manjka.

406 981 565 1050 [Cod.
596 983 727 1036 trad.
759 985 820 1035 st.
854 983 962 1046 460
1004 1000 1035 1030 v
1075 999 1118 1033 c.
1155 981 1203 1036 k.
1236 982 1518 1032 driavnem
1572 981 1755 1031 arhivu
1799 999 1864 1031 na
1906 982 2137 1048 Dunaju.
2181 1011 2247 1018 —
2291 961 2558 1046 Resch,

225 1074 414 1124 Annal.
440 1074 563 1126 eccl.
590 1072 820 1130 Sabion„
865 1071 922 1140 ll,
964 1071 1087 1136 685,
1129 1073 1190 1123 st.
1222 1086 1304 1135 55.
1349 1100 1419 1108 -—
1461 1070 1889 1140 Sinnacher⁷
1940 1071 2193 1140 Beytrage
2234 1087 2328 1120 zur
2369 1069 2557 1121 Gesch.

227 1179 334 1212 von
375 1161 563 1230 sithen,
603 1161 662 1221 11,
724 1177 840 1229 149,
886 1164 946 1210 st.
989 1176 1070 1225 34.
1114 1190 1187 1198 —
1226 1159 1699 1230 Ankershofen,
1747 1161 1958 1214 Handb.
1994 1162 2084 1210 der
2133 1159 2319 1212 Gesch.
2356 1162 2446 1209 des
2487 1160 2556 1212 H.

230 1251 478 1304 Karnten.
519 1247 624 1316 11¹³,
668 1251 751 1309 28,
797 1252 856 1303 st.
890 1246 1015 1315 38⁶.
1060 1280 1130 1287 --
1171 1248 1504 1312 Redlich,
1559 1253 1688 1300 Acta
1729 1249 2042 1308 Tirolensia‚
2088 1250 2121 1314 Ι,
2173 1265 2250 1318 12,
2290 1251 2349 1301 st.
2382 1254 2447 1299 28
2491 1249 2555 1298 ad
2613 1244 2626 1262 ‘

226 1357 271 1391 a.
305 1356 406 1405 903
451 1369 523 1376 —
564 1356 607 1393 c.
644 1355 779 1390 1000
841 1368 909 1376 —
949 1338 1198 1405 Jaksch,
1226 1333 1386 1391 Mon.
1417 1338 1533 1392 hist.
1563 1340 1682 1393 duc.
1714 1338 2031 1398 Carinthiae‚
2077 1338 2160 1407 ΙΙΙ,
2201 1354 2288 1407 72,
2320 1340 2366 1388 §t
2416 1338 2554 1405 176]

1185 1584 1340 1669 st.
1398 1601 1557 1670 518.

408 1787 558 1853 995,
600 1786 727 1841 dne
771 1786 875 1841 28.
900 1751 1195 1858 avgusta.
1237 1786 1673 1842 Gaudersheim.

407 1889 606 1944 Takrat
659 1891 712 1960 je
767 1907 847 1960 po
905 1890 1076 1945 kratki
1134 1891 1364 1946 bolezni
1424 1891 1568 1945 umrl
1625 1891 1855 1953 Henrik,
1899 1890 2153 1960 vojvoda
2203 1890 2458 1944 bavarski
2502 1890 2555 1944 in

229 1979 597 2046 karantanski,
656 1980 731 2034 ko
789 1996 852 2034 se
902 1981 956 2050 je
1010 1981 1222 2049 napotil
1265 1997 1298 2034 v
1349 1979 1786 2048 Gaudersheim,
1842 1979 1958 2049 kjer
1997 1980 2049 2048 je
2092 1980 2340 2051 njegova
2382 1984 2558 2034 sestra

228 2067 530 2139 Gerberga
569 2069 679 2123 bila
721 2071 959 2138 epatica.
1018 2069 1299 2139 Pokopan
1340 2071 1393 2140 je
1436 2069 1510 2124 bil
1554 2086 1588 2123 v
1631 2069 1873 2124 ondotni
1917 2068 2120 2123 cerkvi.
2189 2068 2422 2139 Njegov
2463 2085 2557 2123 na-

227 2157 450 2213 slednik
489 2174 570 2227 po
600 2158 930 2228 Karantaniji
971 2160 1023 2228 je
1054 2160 1237 2228 posta}
1269 2160 1373 2213 tisti
1403 2158 1580 2226 Oton,
1611 2159 1699 2212 ki
1686 2174 1739 2228 Je
1770 2158 1844 2212 bil
1875 2162 1939 2212 ze
1971 2158 2049 2212 od
2089 2157 2194 2212 leta
2223 2160 2347 2213 978.
2356 2160 2553 2214 -983.

226 2248 484 2320 vojvoda
524 2249 891 2304 karantanski.

406 2370 727 2422 Thietmari
780 2370 1142 2433 chronicon,
1189 2369 1288 2435 IV,
1333 2386 1374 2422 c.
1414 2386 1479 2419 20
1523 2365 1637 2438 (13)
1694 2368 1907 2437 (Script.
1943 2384 2038 2421 rer.
2076 2367 2252 2421 Germ.
2287 2371 2338 2416 in
2397 2386 2556 2418 usum

225 2459 423 2525 scholm
451 2461 532 2513 ed,
566 2460 754 2528 Kurze,
794 2478 844 2526 p.
874 2458 1002 2527 75):
1049 2459 1209 2527 „Post
1247 2458 1377 2508 haec
1418 2474 1506 2508 rex
1547 2461 1596 2506 in
1642 2458 2001 2526 Magadaburg
2052 2473 2171 2507 cum
2216 2461 2323 2506 suis
2365 2461 2555 2523 princi-

227 2551 382 2615 pibus
413 2549 747 2616 colloquium
770 2548 969 2618 habuit,
997 2549 1060 2598 ad
1088 2549 1235 2616 quod
1260 2549 1539 2598 Heinricus
1566 2548 1929 2598 Bawariorum
1955 2548 2059 2596 dux
2087 2548 2294 2596 inclitus
2320 2550 2463 2597 venit
2485 2587 2496 2598 .
2518 2590 2528 2601 .
2546 2588 2557 2599 .

227 2638 294 2688 Et
333 2641 452 2705 pius
493 2639 576 2688 ille
618 2639 738 2696 dux,
783 2642 873 2706 qui
917 2655 1076 2688 omne
1119 2640 1314 2687 suimet
1353 2639 1604 2687 delictum
1649 2639 1912 2687 continuis
1942 2637 2216 2686 mundavit
2242 2626 2557 2705 elemosinis,

226 2728 347 2776 inde
375 2744 595 2795 pergens
625 2729 688 2777 ad
717 2727 1041 2792 Gondesem,
1074 2729 1160 2776 ubi
1191 2728 1389 2776 domna
1420 2727 1655 2795 Gerberg
1691 2743 1841 2776 soror
1870 2729 2063 2775 suimet
2092 2725 2259 2775 fuerat
2285 2727 2556 2793 abbatissa,

226 2819 517 2884 egritudine
559 2821 815 2883 premitur
854 2820 1161 2882 subitanea;
1205 2827 1255 2866 et
1295 2829 1420 2866 tunc
1462 2834 1657 2866 vocans
1699 2817 1764 2865 ad
1805 2833 1858 2865 se
1907 2818 2228 2883 equivocum
2273 2818 2423 2864 eius.
2457 2858 2466 2868 .
2500 2857 2509 2867 .
2544 2856 2554 2866 .

224 2906 468 2974 Filioque
526 2923 649 2956 mox
705 2908 930 2957 abeunte
982 2908 1089 2956 dux
1130 2908 1394 2972 preclarus
1437 2910 1487 2954 in
1533 2904 1830 2955 infirmitate
1873 2923 1967 2954 sua
2009 2921 2217 2972 semper
2259 2905 2552 2954 kirieleison

225 3012 289 3044 ex
342 2997 498 3045 corde
551 2998 781 3046 clamans
832 2999 1075 3063 migravit
1122 2997 1187 3046 ad
1229 2994 1499 3045 Christum
1548 3012 1594 3059 5,
1626 2996 1737 3046 Kal.
1768 2995 1926 3061 Sept,
1971 2995 2209 3060 sepultus
2266 2996 2458 3044 ibidem
2503 2998 2552 3043 in

227 3086 404 3135 medio
461 3087 737 3135 aecclesiae
794 3102 972 3136 coram
1030 3097 1235 3135 sanctae
1292 3088 1459 3135 crucis
1516 3087 1678 3138 altari,
1739 3083 1902 3144 Quod
1957 3101 2076 3134 cum
2137 3082 2274 3133 filius
2316 3085 2552 3133 eiusdem

226 3176 559 3240 comperiret,
587 3176 841 3224 electione
871 3186 921 3224 et
948 3176 1141 3224 auxilio
1163 3174 1525 3224 Bawariorum
1553 3176 1710 3240 patris
1741 3175 1879 3222 bona
1907 3175 2047 3238 apud
2072 3189 2245 3238 regem
2275 3176 2554 3239 optinuit.“

402 3279 613 3330 Annal.
643 3280 1058 3346 Quedlinburg.
1088 3281 1151 3328 ad
1194 3296 1235 3330 a.
1268 3293 1369 3344 995
1415 3277 1560 3348 (MG.
1594 3278 1694 3344 SS.‚
1737 3278 1814 3346 ΙΙΙ,
1843 3278 1964 3344 73).
2013 3279 2166 3347 „Hoc
2208 3281 2363 3327 etiam
2407 3296 2548 3328 anno

226 3366 492 3417 Baioariae
534 3370 761 3434 regionis
801 3369 907 3418 dux
946 3369 1224 3417 Heinricus
1266 3370 1529 3417 secundus
1568 3370 1848 3417 immatura
1891 3379 2059 3416 morte
2103 3368 2379 3421 obivit...
2425 3366 2550 3428 Quo

226 3467 441 3506 mortuo
482 3455 620 3506 filius
661 3475 789 3507 suus
831 3459 1111 3507 Heinricus
1154 3474 1238 3506 rex
1282 3456 1491 3506 futurus
1535 3457 1865 3506 Baioaricum
1909 3457 2161 3506 ducatum
2205 3472 2322 3523 rege
2354 3455 2551 3506 Ottone

225 3548 376 3595 tertio
419 3547 650 3596 donante
691 3550 963 3613 suscepit.“

405 3650 616 3703 Annal.
641 3651 1022 3704 Hildesheim.
1051 3651 1114 3700 ad
1157 3668 1201 3704 a.
1231 3667 1332 3716 995
1379 3649 1584 3719 (Script.
1622 3666 1713 3702 rer.
1750 3649 1906 3698 Germ
1959 3653 2007 3697 in
2053 3667 2206 3698 usum
2251 3649 2429 3718 schol„
2470 3651 2549 3703 ed.

226 3737 418 3806 Waitz,
459 3757 508 3805 p.
542 3738 665 3808 26):
713 3740 1006 3806 „Henricus
1057 3742 1456 3805 potentissimus
1506 3740 1611 3788 dux
1654 3739 2032 3799 Baioariorum‚
2075 3755 2194 3787 cum
2245 3755 2549 3804 germanam

225 3843 375 3876 suam
418 3828 689 3877 dominam
735 3827 1041 3895 Gerbirgam
1085 3830 1336 3877 diuturno
1366 3829 1616 3895 languore
1646 3828 1917 3893 probatam
1949 3829 2186 3895 visitaret,
2214 3826 2546 3876 Gandeshem

231 3932 274 3979 5.
306 3917 416 3971 Kal.
445 3916 765 3982 Septembris
807 3934 927 3967 cum
974 3932 1168 3981 magno
1212 3917 1394 3965 dolore
1439 3920 1681 3964 omnium
1726 3914 1904 3967 obiit.“

407 4020 712 4072 Wolfherii
767 4022 904 4071 Vita
965 4021 1298 4071 Godehardi
1359 4020 1617 4083 episcopi
1680 4021 1857 4083 prior.
1920 4018 2063 4081 (MG.
2101 4019 2200 4087 88,
2242 4020 2327 4079 XI,
2396 4019 2547 4088 173):

231 4108 587 4177 „Venerabilis
643 4111 748 4158 dux
800 4110 1081 4158 Heinricus
1111 4149 1121 4161 .
1151 4149 1161 4159 .
1190 4150 1240 4160 ..
1302 4125 1421 4157 cum
1482 4110 1650 4156 tocius
1708 4111 1848 4174 regni
1894 4110 2219 4157 inenarrabili
2266 4125 2471 4159 merore
2518 4126 2542 4172 5

229 4198 446 4251 Kalend.
475 4197 794 4264 Septembris
838 4199 1049 4249 οϋὶνίῑ.α
