2762 4458
288 236 341 279 18
1308 220 1371 276 st.
1396 233 1468 286 21,
1503 234 1572 276 22.

286 412 415 466 med
461 411 618 466 Rabo
663 412 715 464 in
749 411 936 464 Dravo
982 410 1133 464 okoli
1162 409 1432 479 Blatnega
1456 411 1640 479 iezera
1668 411 2143 481 solnograskemu
2172 413 2339 467 skoiu
2367 413 2588 483 Arnu.1)

286 502 366 554 Ρο
410 501 606 569 zemlji,
650 515 676 552 s
719 499 903 552 katere
946 514 1013 553 so
1058 500 1148 551 bili
1193 498 1335 553 Obri
1378 500 1671 569 pregnani,
1715 515 1782 553 so
1825 515 1887 553 se
1929 501 2097 554 zaceli
2141 500 2367 555 Slovani
2410 504 2462 556 in
2493 503 2590 558 Ba-

286 591 429 643 varci
474 577 733 657 razsirjati
776 588 829 640 in
873 588 1115 641 mnoiiti.

462 680 648 730 Conv.
691 678 828 742 Bag.
869 682 926 728 et
966 677 1219 740 Caram„
1271 693 1309 727 c,
1354 677 1383 724 6
1425 675 1566 745 (MG.
1609 676 1716 746 SS.,
1754 677 1842 740 XI,
1886 681 1960 743 9):
2025 678 2408 740 „Postmodum
2467 697 2589 747 ergo

282 785 421 817 anno
466 768 567 832 803
612 767 841 816 Karolus
883 769 1168 830 imperator
1189 765 1500 830 Bagoariam
1542 768 1749 814 intravit
1789 777 1839 814 et
1879 769 1928 814 in
1973 784 2150 815 mense
2174 767 2428 818 Octobrio
2452 769 2590 819 Salz·

283 859 409 907 burc
449 859 590 905 venit
629 868 678 905 et
737 853 1024 921 praefatam
1084 857 1481 904 concessionem
1542 853 1634 903 filii
1676 858 1754 904 sui
1796 858 1984 904 iterans
2045 860 2353 921 potestative
2408 860 2586 907 multis

282 947 607 998 adstantibus
636 947 742 994 suis
773 943 1016 993 fidelibus
1047 941 1339 992 adfirmavit
1380 955 1429 992 et
1458 946 1508 991 in
1538 960 1725 992 aevum
1755 945 2122 993 inconvulsam
2147 943 2257 994 fieri
2287 946 2588 999 concessit.“

461 1035 571 1084 Ibid
632 1050 671 1083 c.
724 1050 783 1082 10
826 1033 879 1098 (l.
920 1048 961 1081 e.
1005 1050 1054 1097 p.
1104 1032 1216 1098 11):
1284 1031 1606 1099 „Postquam
1650 1048 1772 1097 ergo
1818 1033 2043 1082 Karolus
2096 1035 2379 1099 imperator
2418 1036 2590 1085 Hunis

281 1128 479 1175 reiectis
540 1126 874 1188 episcopatus
935 1122 1241 1187 dignitatem
1286 1119 1586 1168 Iuvavensis
1646 1122 1891 1170 ecclesiae
1945 1125 2130 1171 rectori
2186 1125 2592 1191 commendavit,

282 1216 481 1264 Arnoni
526 1213 766 1262 videlicet
827 1209 1224 1276 archiepiscopo
1288 1220 1338 1258 et
1376 1212 1483 1257 suis
1524 1211 1912 1259 successoribus
1960 1212 2170 1260 tenendi
2224 1215 2592 1278 perpetualiter

276 1317 441 1372 atque·
478 1303 690 1369 regendi
734 1301 1046 1367 perdonavit
1119 1309 1408 1365 coeperunt
1447 1299 1635 1365 populi
1677 1302 1784 1347 sive
1826 1299 1992 1349 Sclavi
2046 1302 2119 1350 vel
2164 1301 2403 1370 Bagoarii
2446 1302 2590 1352 inha-

279 1396 440 1444 bitare
481 1405 688 1449 terram,
730 1391 868 1439 unde
910 1390 980 1436 illi
1023 1389 1220 1453 expulsi
1262 1399 1385 1436 sunt
1425 1388 1588 1453 Huni,
1629 1399 1679 1437 et
1718 1389 2106 1456 multiplicari“
2518 1455 2526 1463 υ

460 1483 609 1532 Ann.
650 1480 862 1531 JuvaV.
902 1479 1037 1530 mai.
1081 1479 1146 1525 ad
1187 1495 1229 1527 a.
1273 1477 1374 1541 803
1438 1476 1582 1547 (MG.
1625 1476 1727 1541 SS„
1763 1477 1823 1544 Ι,
1884 1476 1998 1546 87);
2071 1478 2328 1542 „Carolus
2368 1520 2380 1533 .
2420 1520 2433 1534 .
2471 1521 2484 1534 .
2540 1485 2589 1530 in

274 1572 568 1621 Juvavense
611 1573 816 1618 civitate
858 1584 1036 1616 mense
1079 1564 1332 1616 Octobr.“

459 1661 610 1710 Ann.
652 1674 696 1710 S.
738 1657 1153 1708 Emmerammi
1210 1656 1432 1720 Ratisp.
1475 1657 1609 1709 mai.
1652 1657 1716 1705 ad
1758 1674 1800 1709 a.
1842 1657 1944 1722 803
2007 1657 2136 1727 (ibid
2197 1658 2232 1727 1,
2273 1656 2393 1726 93):
2458 1658 2591 1721 „Ca-

277 1751 423 1800 rolus
464 1749 528 1798 ad
568 1748 816 1798 Salzburc
858 1748 1236 1794 monasterium
1280 1743 1429 1795 fuit.“

452 1836 897 1889 Auctar.Garst.
936 1835 1000 1883 ad
1042 1851 1084 1883 a.
1117 1834 1218 1883 802
1265 1833 1407 1903 (ibid.
1433 1833 1519 1895 IX,
1566 1832 1724 1902 564):
1772 1835 2032 1902 „Karolus
2075 1835 2354 1886 Salzburch
2398 1835 2588 1888 venit.“

457 1928 606 1977 Ann.
645 1926 920 1976 Admunt.
964 1925 1027 1972 ad
1070 1941 1111 1972 a.
1157 1923 1258 1972 802
1302 1924 1447 1991 (ibid.
1475 1922 1559 1987 IX,
1605 1924 1766 1990 573):
1818 1926 2071 1982 ..Karolus
2113 1925 2364 1994 Salzburg
2402 1928 2610 1979 venit.“'

451 2017 602 2066 Ann.
645 2030 688 2066 s,
728 2015 1018 2066 Rudberti
1063 2012 1365 2078 Salisburg
1420 2013 1483 2060 ad
1526 2031 1570 2063 a.
1618 2012 1721 2062 802
1783 2010 1926 2082 (ibid.
1968 2013 2055 2076 IX,
2111 2013 2269 2084 769):
2336 2017 2591 2085 „Karolus

279 2106 524 2157 Salzburc
566 2107 706 2153 venit
727 2101 753 2128 ‘⁴

458 2296 606 2351 803·
1298 2194 1406 2280 St.
1464 2213 1586 2281 22.

461 2387 547 2442 Κο
590 2402 657 2441 so
701 2385 796 2439 bili
840 2383 983 2439 Obri
1027 2384 1371 2454 premagani,
1431 2383 1483 2453 je
1527 2382 1726 2437 nehala
1767 2382 1880 2452 njih
1924 2386 2288 2455 mogocnost.
2343 2384 2588 2452 Zakladi‚

278 2477 465 2531 katere
507 2493 575 2530 so
622 2477 665 2528 si
709 2489 789 2544 po
834 2472 1022 2528 raznih
1066 2472 1236 2543 krajih
1281 2471 1506 2539 nabrali,
1551 2487 1618 2527 so
1662 2472 1814 2541 prisii
1847 2471 2122 2526 Frankom
2155 2489 2189 2526 v
2216 2472 2370 2528 roke.
2415 2472 2591 2528 Cesar

282 2566 448 2622 Karol
488 2567 539 2635 je
584 2564 741 2620 dobil
785 2581 819 2617 v
860 2563 1027 2632 svo10
1072 2562 1257 2617 oblast
1300 2562 1415 2616 obe
1459 2562 1730 2631 Panoniji‚
1774 2561 1929 2628 lstr0‚
1962 2560 2248 2631 Liburnijo
2292 2563 2344 2616 in
2373 2562 2591 2617 Dalma-

277 2656 388 2725 eijo
433 2671 597 2709 razen
641 2651 983 2724 primorskih
1026 2656 1166 2705 mest
1183 2653 1247 2720 2),
1292 2650 1486 2705 katera
1536 2651 1588 2720 je
1632 2650 1866 2706 obdrzal
1909 2651 2123 2722 njegov
2166 2652 2414 2722 prijatelj,
2458 2653 2590 2707 cari-

277 2744 484 2816 grajski
528 2760 686 2798 cesar
728 2741 975 2797 Nicefor.

456 2835 734 2885 Einhardi
775 2835 913 2885 Vita
951 2832 1155 2883 Karoli
1195 2832 1269 2884 M.
1314 2848 1356 2884 c.
1406 2846 1462 2895 15
1507 2829 1649 2901 (MG.
1691 2830 1794 2895 SS,
1835 2830 1895 2894 ΙΙ,
1936 2832 2088 2897 451):
2134 2843 2387 2901 „...post
2428 2850 2590 2901 quarn

279 2935 558 2991 utramque
600 2923 947 2988 Pannoniam,
1009 2932 1058 2970 et
1098 2921 1392 2987 adpositam
1454 2923 1504 2968 in
1547 2921 1703 2969 altera
1758 2919 1986 2969 Danubii
2047 2923 2157 2987 ripa
2216 2921 2438 2987 Batiam,
2497 2923 2589 2971 Hi-

279 3015 456 3062 striam
498 3029 715 3080 quoque
757 3024 806 3060 et
838 3011 1143 3060 Liburniam
1175 3021 1330 3078 atque
1360 3009 1694 3077 Dalmatiam,
1720 3012 1944 3075 exceptis
1974 3013 2247 3059 maritimis
2276 3012 2586 3078 civitatibus,

279 3119 409 3169 quas
454 3102 520 3150 ob
563 3104 847 3150 amicitiam
891 3111 940 3148 et
982 3102 1220 3149 iunctum
1263 3115 1383 3148 cum
1428 3115 1490 3148 eo
1522 3097 1710 3148 foedus
1738 3096 2392 3165 Constantinopolitanum
2426 3103 2590 3166 impe-

276 3202 503 3240 ratorem
546 3190 736 3239 habere
778 3191 1057 3256 permisit.“

458 3296 636 3346 Poeta
684 3295 856 3361 Saxo,
899 3295 986 3347 lib.
1010 3292 1079 3362 V,
1119 3310 1165 3346 v.
1199 3307 1483 3358 195—200
1525 3292 1686 3360 (ibid.‚
1727 3291 1764 3357 Ι,
1810 3295 1965 3357 27o):

520 3449 564 3482 v.
617 3445 728 3495 ¹95·
915 3429 1244 3487 „Pannonias
1287 3431 1441 3475 etiam
1487 3430 1650 3475 victor
1689 3428 1908 3475 subiecit
1951 3437 2194 3493 utrasque

905 3503 998 3550 His
1041 3519 1159 3551 cum
1206 3504 1384 3550 vicinis
1428 3501 1642 3549 urbibus
1684 3502 1990 3553 innumeris.

906 3582 1041 3625 Arva
1086 3576 1440 3624 Liburnorum
1499 3576 1580 3622 vel
1622 3591 1756 3641 quae
1798 3578 2093 3623 vocitantur
2132 3577 2195 3622 ab
2239 3574 2414 3623 Histro

905 3651 1012 3699 Nec
1055 3667 1160 3698 non
1204 3649 1519 3698 Dalmatiam
1563 3649 1794 3697 subdidit
1834 3659 1884 3697 et
1926 3648 2154 3696 Daciam.

906 3725 1212 3774 Sclavorum
1256 3724 1486 3788 populos
1528 3739 1745 3771 censum
1786 3713 1878 3771 sibi
1923 3723 2123 3770 solvere
2166 3721 2286 3771 fecit

522 3819 563 3851 v.
609 3817 727 3850 200.
907 3800 1100 3864 PlureS‚
1141 3815 1301 3864 quam
1344 3801 1624 3864 quisquam
1669 3798 1999 3844 dinumerare
2042 3801 2251 3863 queat.“

464 3949 495 3999 1)
531 3945 604 3990 Gl.
640 3945 867 3998 Gradivo,
901 3945 930 3999 I,
966 3944 1020 3989 st.
1055 3945 1156 3988 301.

459 4022 495 4069 2)
530 4019 629 4063 Pod
663 4018 956 4063 bizantinsko
992 4018 1192 4073 oblastjo
1226 4031 1280 4062 so
1318 4017 1468 4062 ostala
1499 4017 1540 4061 le
1591 4015 1901 4061 dalmatinska
1934 4016 2197 4072 primorska
2229 4019 2391 4072 mesta,
2425 4031 2484 4062 ne
2517 4030 2579 4073 pa

282 4092 463 4138 istrska.
497 4093 539 4136 lz
572 4092 825 4148 zapisnika,
859 4093 1111 4148 spisanega
1144 4106 1204 4136 na
1236 4091 1495 4137 riianskem
1531 4091 1822 4147 zborovanju
1857 4091 1934 4145 (gl.
1968 4093 2023 4137 st.
2056 4091 2144 4147 23),
2179 4092 2222 4148 ie
2254 4092 2493 4145 razvidno‚
2528 4091 2588 4136 da

283 4181 339 4212 so
373 4167 464 4211 bila
496 4180 524 4211 v
559 4167 712 4211 tistem
749 4168 861 4211 casu
894 4165 1062 4210 istrska
1093 4165 1357 4221 primorska
1389 4168 1538 4211 mesta
1571 4166 1670 4222 pod
1704 4164 2040 4211 frankovskimi
2073 4165 2278 4222 vladarji.
