<?xml version="1.0" encoding="UTF-8"?>
<!DOCTYPE html PUBLIC "-//W3C//DTD XHTML 1.0 Transitional//EN"
    "http://www.w3.org/TR/xhtml1/DTD/xhtml1-transitional.dtd">
<html xmlns="http://www.w3.org/1999/xhtml" xml:lang="en" lang="en">
 <head>
  <title>
</title>
<meta http-equiv="Content-Type" content="text/html;charset=utf-8" />
  <meta name='ocr-system' content='tesseract 3.04.00' />
  <meta name='ocr-capabilities' content='ocr_page ocr_carea ocr_par ocr_line ocrx_word'/>
</head>
<body>
  <div class='ocr_page' id='page_1' title='image "./gradivozazgodovi02kosmuoft_0126.png"; bbox 0 0 2762 4458; ppageno 0'>
   <div class='ocr_carea' id='block_1_1' title="bbox 252 240 2580 2637">
    <p class='ocr_par' dir='ltr' id='par_1_1' title="bbox 252 240 2580 2637">
     <span class='ocr_line' id='line_1_1' title="bbox 261 240 1499 298; baseline -0.001 0"><span class='ocrx_word' id='word_1_1' title='bbox 261 253 319 298; x_wconf 84' lang='lat'>38</span> <span class='ocrx_word' id='word_1_2' title='bbox 1340 240 1404 298; x_wconf 71' lang='lat' dir='ltr'>st.</span> <span class='ocrx_word' id='word_1_3' title='bbox 1427 253 1499 297; x_wconf 87' lang='lat'>37.</span> 
     </span>
     <span class='ocr_line' id='line_1_2' title="bbox 262 430 2572 500; baseline 0.002 -19"><span class='ocrx_word' id='word_1_4' title='bbox 262 443 653 482; x_wconf 89' lang='lat' dir='ltr'>antecessorum</span> <span class='ocrx_word' id='word_1_5' title='bbox 710 447 930 481; x_wconf 89' lang='lat' dir='ltr'>suorum</span> <span class='ocrx_word' id='word_1_6' title='bbox 986 432 1050 480; x_wconf 92' lang='lat' dir='ltr'>ad</span> <span class='ocrx_word' id='word_1_7' title='bbox 1103 430 1417 480; x_wconf 90' lang='lat' dir='ltr'>quauensis</span> <span class='ocrx_word' id='word_1_8' title='bbox 1471 432 1683 481; x_wconf 86' lang='lat' dir='ltr'>ecclesie</span> <span class='ocrx_word' id='word_1_9' title='bbox 1743 433 2015 500; x_wconf 87' lang='lat' dir='ltr'>dyocesim</span> <span class='ocrx_word' id='word_1_10' title='bbox 2070 432 2252 482; x_wconf 89' lang='lat' dir='ltr'>fuisset</span> <span class='ocrx_word' id='word_1_11' title='bbox 2309 434 2572 486; x_wconf 84' lang='lat' dir='ltr'>adiuncta.</span> 
     </span>
     <span class='ocr_line' id='line_1_3' title="bbox 259 521 2575 587; baseline 0.001 -18"><span class='ocrx_word' id='word_1_12' title='bbox 259 521 370 570; x_wconf 92' lang='lat' dir='ltr'>Nos</span> <span class='ocrx_word' id='word_1_13' title='bbox 427 531 603 569; x_wconf 91' lang='lat' dir='ltr'>autem</span> <span class='ocrx_word' id='word_1_14' title='bbox 658 521 835 570; x_wconf 89' lang='lat' dir='ltr'>audita</span> <span class='ocrx_word' id='word_1_15' title='bbox 892 531 1050 587; x_wconf 89' lang='lat' dir='ltr'>atque</span> <span class='ocrx_word' id='word_1_16' title='bbox 1110 521 1344 568; x_wconf 89' lang='lat' dir='ltr'>discussa</span> <span class='ocrx_word' id='word_1_17' title='bbox 1401 536 1586 569; x_wconf 90' lang='lat' dir='ltr'>eorum</span> <span class='ocrx_word' id='word_1_18' title='bbox 1642 523 2008 584; x_wconf 87' lang='lat' dir='ltr'>contencione,</span> <span class='ocrx_word' id='word_1_19' title='bbox 2060 532 2117 571; x_wconf 93' lang='lat' dir='ltr'>ut</span> <span class='ocrx_word' id='word_1_20' title='bbox 2170 524 2221 570; x_wconf 92' lang='lat' dir='ltr'>in</span> <span class='ocrx_word' id='word_1_21' title='bbox 2266 539 2424 571; x_wconf 91' lang='lat' dir='ltr'>unam</span> <span class='ocrx_word' id='word_1_22' title='bbox 2482 539 2575 573; x_wconf 90' lang='lat' dir='ltr'>eos</span> 
     </span>
     <span class='ocr_line' id='line_1_4' title="bbox 260 607 2576 676; baseline 0 -17"><span class='ocrx_word' id='word_1_23' title='bbox 260 612 525 659; x_wconf 89' lang='lat' dir='ltr'>caritatem</span> <span class='ocrx_word' id='word_1_24' title='bbox 567 620 616 658; x_wconf 90' lang='lat' dir='ltr'>et</span> <span class='ocrx_word' id='word_1_25' title='bbox 656 609 996 666; x_wconf 76' lang='lat' dir='ltr'>concordiam</span> <span class='ocrx_word' id='word_1_26' title='bbox 1059 623 1426 658; x_wconf 84' lang='lat' dir='ltr'>revocaremus</span> <span class='ocrx_word' id='word_1_27' title='bbox 1485 619 1535 658; x_wconf 91' lang='lat' dir='ltr'>et</span> <span class='ocrx_word' id='word_1_28' title='bbox 1590 619 1648 658; x_wconf 92' lang='lat' dir='ltr'>ut</span> <span class='ocrx_word' id='word_1_29' title='bbox 1700 611 1751 657; x_wconf 89' lang='lat' dir='ltr'>in</span> <span class='ocrx_word' id='word_1_30' title='bbox 1794 607 2032 659; x_wconf 83' lang='lat' dir='ltr'>futurum</span> <span class='ocrx_word' id='word_1_31' title='bbox 2089 622 2197 659; x_wconf 88' lang='lat' dir='ltr'>tam</span> <span class='ocrx_word' id='word_1_32' title='bbox 2249 613 2381 660; x_wconf 90' lang='lat' dir='ltr'>inter</span> <span class='ocrx_word' id='word_1_33' title='bbox 2431 613 2576 676; x_wconf 90' lang='lat' dir='ltr'>ipsos</span> 
     </span>
     <span class='ocr_line' id='line_1_5' title="bbox 260 698 2576 766; baseline 0 -19"><span class='ocrx_word' id='word_1_34' title='bbox 260 715 419 766; x_wconf 91' lang='lat' dir='ltr'>quam</span> <span class='ocrx_word' id='word_1_35' title='bbox 463 708 512 747; x_wconf 91' lang='lat' dir='ltr'>et</span> <span class='ocrx_word' id='word_1_36' title='bbox 551 713 876 747; x_wconf 86' lang='lat' dir='ltr'>successores</span> <span class='ocrx_word' id='word_1_37' title='bbox 933 713 1118 747; x_wconf 89' lang='lat' dir='ltr'>eorum</span> <span class='ocrx_word' id='word_1_38' title='bbox 1169 700 1343 746; x_wconf 88' lang='lat' dir='ltr'>omnis</span> <span class='ocrx_word' id='word_1_39' title='bbox 1401 700 1754 746; x_wconf 84' lang='lat' dir='ltr'>controversia</span> <span class='ocrx_word' id='word_1_40' title='bbox 1806 709 1964 765; x_wconf 91' lang='lat' dir='ltr'>atque</span> <span class='ocrx_word' id='word_1_41' title='bbox 2017 699 2333 766; x_wconf 87' lang='lat' dir='ltr'>disceptacio</span> <span class='ocrx_word' id='word_1_42' title='bbox 2392 698 2576 748; x_wconf 89' lang='lat' dir='ltr'>fuisset</span> 
     </span>
     <span class='ocr_line' id='line_1_6' title="bbox 260 783 2575 857; baseline 0 -22"><span class='ocrx_word' id='word_1_43' title='bbox 260 789 470 852; x_wconf 83' lang='lat' dir='ltr'>penitus</span> <span class='ocrx_word' id='word_1_44' title='bbox 511 788 699 844; x_wconf 90' lang='lat' dir='ltr'>ablata,</span> <span class='ocrx_word' id='word_1_45' title='bbox 758 786 1045 852; x_wconf 87' lang='lat' dir='ltr'>predictam</span> <span class='ocrx_word' id='word_1_46' title='bbox 1101 789 1428 852; x_wconf 87' lang='lat' dir='ltr'>provinciam</span> <span class='ocrx_word' id='word_1_47' title='bbox 1487 788 1838 841; x_wconf 88' lang='lat' dir='ltr'>Karantanam</span> <span class='ocrx_word' id='word_1_48' title='bbox 1896 790 1964 836; x_wconf 90' lang='lat' dir='ltr'>ita</span> <span class='ocrx_word' id='word_1_49' title='bbox 2006 789 2138 836; x_wconf 91' lang='lat' dir='ltr'>inter</span> <span class='ocrx_word' id='word_1_50' title='bbox 2193 783 2292 857; x_wconf 91' lang='lat' dir='ltr'>(se)</span> <span class='ocrx_word' id='word_1_51' title='bbox 2345 789 2575 836; x_wconf 82' lang='lat' dir='ltr'>dividere</span> 
     </span>
     <span class='ocr_line' id='line_1_7' title="bbox 259 874 2575 944; baseline 0 -19"><span class='ocrx_word' id='word_1_52' title='bbox 259 879 523 944; x_wconf 82' lang='lat' dir='ltr'>iussimuS,</span> <span class='ocrx_word' id='word_1_53' title='bbox 563 886 621 925; x_wconf 91' lang='lat' dir='ltr'>ut</span> <span class='ocrx_word' id='word_1_54' title='bbox 660 875 869 925; x_wconf 91' lang='lat' dir='ltr'>Drauus</span> <span class='ocrx_word' id='word_1_55' title='bbox 917 874 1109 924; x_wconf 88' lang='lat' dir='ltr'>fluvius</span> <span class='ocrx_word' id='word_1_56' title='bbox 1151 878 1242 942; x_wconf 91' lang='lat' dir='ltr'>qui</span> <span class='ocrx_word' id='word_1_57' title='bbox 1284 891 1377 940; x_wconf 92' lang='lat' dir='ltr'>per</span> <span class='ocrx_word' id='word_1_58' title='bbox 1417 876 1645 924; x_wconf 90' lang='lat' dir='ltr'>mediam</span> <span class='ocrx_word' id='word_1_59' title='bbox 1689 876 1831 925; x_wconf 90' lang='lat' dir='ltr'>illam</span> <span class='ocrx_word' id='word_1_60' title='bbox 1875 878 2201 941; x_wconf 86' lang='lat' dir='ltr'>provinciam</span> <span class='ocrx_word' id='word_1_61' title='bbox 2261 880 2434 941; x_wconf 90' lang='lat' dir='ltr'>currit,</span> <span class='ocrx_word' id='word_1_62' title='bbox 2475 887 2575 926; x_wconf 92' lang='lat' dir='ltr'>ter·</span> 
     </span>
     <span class='ocr_line' id='line_1_8' title="bbox 258 964 2575 1034; baseline -0 -20"><span class='ocrx_word' id='word_1_63' title='bbox 258 967 434 1015; x_wconf 90' lang='lat' dir='ltr'>minus</span> <span class='ocrx_word' id='word_1_64' title='bbox 475 965 749 1013; x_wconf 88' lang='lat' dir='ltr'>ambarum</span> <span class='ocrx_word' id='word_1_65' title='bbox 792 965 1094 1034; x_wconf 85' lang='lat' dir='ltr'>dyoceseon</span> <span class='ocrx_word' id='word_1_66' title='bbox 1135 974 1270 1013; x_wconf 88' lang='lat' dir='ltr'>esset</span> <span class='ocrx_word' id='word_1_67' title='bbox 1299 974 1397 1013; x_wconf 88' lang='lat' dir='ltr'>eta</span> <span class='ocrx_word' id='word_1_68' title='bbox 1427 967 1538 1030; x_wconf 88' lang='lat' dir='ltr'>ripa</span> <span class='ocrx_word' id='word_1_69' title='bbox 1578 967 1788 1014; x_wconf 82' lang='lat' dir='ltr'>australi</span> <span class='ocrx_word' id='word_1_70' title='bbox 1835 965 1900 1014; x_wconf 92' lang='lat' dir='ltr'>ad</span> <span class='ocrx_word' id='word_1_71' title='bbox 1937 964 2325 1033; x_wconf 89' lang='lat' dir='ltr'>Aquilegiensis</span> <span class='ocrx_word' id='word_1_72' title='bbox 2360 966 2575 1014; x_wconf 86' lang='lat' dir='ltr'>ecclesie</span> 
     </span>
     <span class='ocr_line' id='line_1_9' title="bbox 258 1037 2575 1122; baseline -0 -19"><span class='ocrx_word' id='word_1_73' title='bbox 258 1037 532 1120; x_wconf 89' lang='lat' dir='ltr'>rectorem,</span> <span class='ocrx_word' id='word_1_74' title='bbox 574 1056 637 1105; x_wconf 90' lang='lat' dir='ltr'>ab</span> <span class='ocrx_word' id='word_1_75' title='bbox 677 1054 966 1122; x_wconf 72' lang='lat' dir='ltr'>aquilonali</span> <span class='ocrx_word' id='word_1_76' title='bbox 1019 1069 1142 1102; x_wconf 77' lang='lat' dir='ltr'>vero</span> <span class='ocrx_word' id='word_1_77' title='bbox 1204 1055 1316 1119; x_wconf 91' lang='lat' dir='ltr'>ripa</span> <span class='ocrx_word' id='word_1_78' title='bbox 1376 1053 1441 1101; x_wconf 92' lang='lat' dir='ltr'>ad</span> <span class='ocrx_word' id='word_1_79' title='bbox 1495 1053 1806 1102; x_wconf 90' lang='lat' dir='ltr'>quauensis</span> <span class='ocrx_word' id='word_1_80' title='bbox 1863 1055 2078 1104; x_wconf 80' lang='lat' dir='ltr'>ecclesie</span> <span class='ocrx_word' id='word_1_81' title='bbox 2137 1054 2400 1119; x_wconf 88' lang='lat' dir='ltr'>presulem</span> <span class='ocrx_word' id='word_1_82' title='bbox 2455 1069 2575 1116; x_wconf 90' lang='lat' dir='ltr'>pars</span> 
     </span>
     <span class='ocr_line' id='line_1_10' title="bbox 256 1141 2573 1211; baseline 0 -19"><span class='ocrx_word' id='word_1_83' title='bbox 256 1146 419 1209; x_wconf 91' lang='lat' dir='ltr'>ipsius</span> <span class='ocrx_word' id='word_1_84' title='bbox 461 1145 728 1209; x_wconf 90' lang='lat' dir='ltr'>provincie</span> <span class='ocrx_word' id='word_1_85' title='bbox 769 1145 1065 1210; x_wconf 84' lang='lat' dir='ltr'>pertineret,</span> <span class='ocrx_word' id='word_1_86' title='bbox 1106 1143 1323 1192; x_wconf 89' lang='lat' dir='ltr'>ecclesie</span> <span class='ocrx_word' id='word_1_87' title='bbox 1363 1157 1488 1191; x_wconf 85' lang='lat' dir='ltr'>vero</span> <span class='ocrx_word' id='word_1_88' title='bbox 1530 1158 1635 1209; x_wconf 92' lang='lat' dir='ltr'>que</span> <span class='ocrx_word' id='word_1_89' title='bbox 1677 1145 1728 1191; x_wconf 91' lang='lat' dir='ltr'>in</span> <span class='ocrx_word' id='word_1_90' title='bbox 1772 1153 1996 1211; x_wconf 85' lang='lat' dir='ltr'>utraque</span> <span class='ocrx_word' id='word_1_91' title='bbox 2038 1145 2148 1209; x_wconf 89' lang='lat' dir='ltr'>ripa</span> <span class='ocrx_word' id='word_1_92' title='bbox 2191 1141 2413 1192; x_wconf 89' lang='lat' dir='ltr'>fuissent</span> <span class='ocrx_word' id='word_1_93' title='bbox 2442 1158 2573 1192; x_wconf 88' lang='lat' dir='ltr'>con-</span> 
     </span>
     <span class='ocr_line' id='line_1_11' title="bbox 257 1230 2575 1300; baseline -0.001 -18"><span class='ocrx_word' id='word_1_94' title='bbox 257 1243 465 1291; x_wconf 89' lang='lat' dir='ltr'>structe,</span> <span class='ocrx_word' id='word_1_95' title='bbox 510 1235 834 1300; x_wconf 90' lang='lat' dir='ltr'>ubicumque</span> <span class='ocrx_word' id='word_1_96' title='bbox 875 1234 1237 1297; x_wconf 86' lang='lat' dir='ltr'>possessiones</span> <span class='ocrx_word' id='word_1_97' title='bbox 1263 1247 1384 1280; x_wconf 87' lang='lat' dir='ltr'>suas</span> <span class='ocrx_word' id='word_1_98' title='bbox 1413 1232 1546 1279; x_wconf 89' lang='lat' dir='ltr'>iuste</span> <span class='ocrx_word' id='word_1_99' title='bbox 1575 1233 1671 1280; x_wconf 88' lang='lat' dir='ltr'>sibi</span> <span class='ocrx_word' id='word_1_100' title='bbox 1701 1232 1916 1281; x_wconf 87' lang='lat' dir='ltr'>collatas</span> <span class='ocrx_word' id='word_1_101' title='bbox 1940 1231 2132 1281; x_wconf 87' lang='lat' dir='ltr'>habere</span> <span class='ocrx_word' id='word_1_102' title='bbox 2173 1230 2575 1300; x_wconf 67' lang='lat' dir='ltr'>noscere(n)tur‚</span> 
     </span>
     <span class='ocr_line' id='line_1_12' title="bbox 258 1320 2575 1389; baseline -0 -18"><span class='ocrx_word' id='word_1_103' title='bbox 258 1323 455 1389; x_wconf 91' lang='lat' dir='ltr'>absque</span> <span class='ocrx_word' id='word_1_104' title='bbox 512 1322 924 1371; x_wconf 90' lang='lat' dir='ltr'>contradictione</span> <span class='ocrx_word' id='word_1_105' title='bbox 977 1333 1026 1370; x_wconf 90' lang='lat' dir='ltr'>et</span> <span class='ocrx_word' id='word_1_106' title='bbox 1074 1322 1423 1370; x_wconf 85' lang='lat' dir='ltr'>contencione</span> <span class='ocrx_word' id='word_1_107' title='bbox 1484 1321 1758 1370; x_wconf 89' lang='lat' dir='ltr'>ambarum</span> <span class='ocrx_word' id='word_1_108' title='bbox 1822 1324 2056 1387; x_wconf 89' lang='lat' dir='ltr'>parcium</span> <span class='ocrx_word' id='word_1_109' title='bbox 2112 1320 2378 1386; x_wconf 89' lang='lat' dir='ltr'>haberent,</span> <span class='ocrx_word' id='word_1_110' title='bbox 2433 1324 2575 1388; x_wconf 82' lang='lat' dir='ltr'>quia,</span> 
     </span>
     <span class='ocr_line' id='line_1_13' title="bbox 258 1409 2577 1481; baseline -0.001 -21"><span class='ocrx_word' id='word_1_111' title='bbox 258 1409 434 1481; x_wconf 92' lang='lat' dir='ltr'>(sicut)</span> <span class='ocrx_word' id='word_1_112' title='bbox 476 1422 811 1477; x_wconf 89' lang='lat' dir='ltr'>compertum</span> <span class='ocrx_word' id='word_1_113' title='bbox 866 1409 1144 1469; x_wconf 89' lang='lat' dir='ltr'>habemus,</span> <span class='ocrx_word' id='word_1_114' title='bbox 1201 1412 1349 1478; x_wconf 92' lang='lat' dir='ltr'>quod</span> <span class='ocrx_word' id='word_1_115' title='bbox 1398 1412 1629 1479; x_wconf 87' lang='lat' dir='ltr'>quedam</span> <span class='ocrx_word' id='word_1_116' title='bbox 1686 1410 1900 1460; x_wconf 89' lang='lat' dir='ltr'>ecclesie</span> <span class='ocrx_word' id='word_1_117' title='bbox 1942 1412 1992 1459; x_wconf 93' lang='lat' dir='ltr'>in</span> <span class='ocrx_word' id='word_1_118' title='bbox 2039 1427 2141 1460; x_wconf 87' lang='lat' dir='ltr'>una</span> <span class='ocrx_word' id='word_1_119' title='bbox 2182 1413 2292 1477; x_wconf 89' lang='lat' dir='ltr'>ripa</span> <span class='ocrx_word' id='word_1_120' title='bbox 2342 1409 2577 1459; x_wconf 89' lang='lat' dir='ltr'>fluminis</span> 
     </span>
     <span class='ocr_line' id='line_1_14' title="bbox 258 1495 2577 1567; baseline -0 -18"><span class='ocrx_word' id='word_1_121' title='bbox 258 1500 475 1566; x_wconf 89' lang='lat' dir='ltr'>predicti</span> <span class='ocrx_word' id='word_1_122' title='bbox 535 1510 658 1549; x_wconf 92' lang='lat' dir='ltr'>sunt</span> <span class='ocrx_word' id='word_1_123' title='bbox 713 1510 1011 1549; x_wconf 89' lang='lat' dir='ltr'>constructe</span> <span class='ocrx_word' id='word_1_124' title='bbox 1067 1515 1293 1567; x_wconf 88' lang='lat' dir='ltr'>quarum</span> <span class='ocrx_word' id='word_1_125' title='bbox 1359 1503 1720 1566; x_wconf 89' lang='lat' dir='ltr'>possessiones</span> <span class='ocrx_word' id='word_1_126' title='bbox 1758 1495 1812 1548; x_wconf 86' lang='lat' dir='ltr'>in</span> <span class='ocrx_word' id='word_1_127' title='bbox 1856 1501 2013 1549; x_wconf 85' lang='lat' dir='ltr'>altera</span> <span class='ocrx_word' id='word_1_128' title='bbox 2055 1501 2287 1550; x_wconf 90' lang='lat' dir='ltr'>eiusdem</span> <span class='ocrx_word' id='word_1_129' title='bbox 2340 1498 2577 1548; x_wconf 91' lang='lat' dir='ltr'>fluminis</span> 
     </span>
     <span class='ocr_line' id='line_1_15' title="bbox 257 1587 2575 1656; baseline -0.001 -18"><span class='ocrx_word' id='word_1_130' title='bbox 257 1591 368 1655; x_wconf 90' lang='lat' dir='ltr'>ripa</span> <span class='ocrx_word' id='word_1_131' title='bbox 408 1600 531 1639; x_wconf 92' lang='lat' dir='ltr'>sunt</span> <span class='ocrx_word' id='word_1_132' title='bbox 570 1591 871 1642; x_wconf 89' lang='lat' dir='ltr'>constitute.</span> <span class='ocrx_word' id='word_1_133' title='bbox 911 1589 1027 1639; x_wconf 92' lang='lat' dir='ltr'>Hac</span> <span class='ocrx_word' id='word_1_134' title='bbox 1069 1591 1226 1656; x_wconf 89' lang='lat' dir='ltr'>igitur</span> <span class='ocrx_word' id='word_1_135' title='bbox 1265 1587 1581 1639; x_wconf 90' lang='lat' dir='ltr'>definicione</span> <span class='ocrx_word' id='word_1_136' title='bbox 1623 1606 1652 1638; x_wconf 92' lang='lat' dir='ltr'>a</span> <span class='ocrx_word' id='word_1_137' title='bbox 1679 1589 1831 1638; x_wconf 90' lang='lat' dir='ltr'>nobis</span> <span class='ocrx_word' id='word_1_138' title='bbox 1874 1588 2210 1655; x_wconf 89' lang='lat' dir='ltr'>promulgata</span> <span class='ocrx_word' id='word_1_139' title='bbox 2251 1590 2575 1654; x_wconf 82' lang='lat' dir='ltr'>precipimus</span> 
     </span>
     <span class='ocr_line' id='line_1_16' title="bbox 257 1677 2579 1751; baseline -0 -24"><span class='ocrx_word' id='word_1_140' title='bbox 257 1689 413 1746; x_wconf 91' lang='lat' dir='ltr'>atque</span> <span class='ocrx_word' id='word_1_141' title='bbox 456 1679 827 1751; x_wconf 23' lang='lat' dir='ltr'>iubemusflut</span> <span class='ocrx_word' id='word_1_142' title='bbox 867 1681 999 1727; x_wconf 93' lang='lat' dir='ltr'>inter</span> <span class='ocrx_word' id='word_1_143' title='bbox 1052 1690 1319 1744; x_wconf 87' lang='lat' dir='ltr'>presentes</span> <span class='ocrx_word' id='word_1_144' title='bbox 1378 1683 1516 1729; x_wconf 88' lang='lat' dir='ltr'>viros</span> <span class='ocrx_word' id='word_1_145' title='bbox 1569 1678 1890 1728; x_wconf 88' lang='lat' dir='ltr'>venerabiles</span> <span class='ocrx_word' id='word_1_146' title='bbox 1942 1677 2278 1728; x_wconf 88' lang='lat' dir='ltr'>Maxencium</span> <span class='ocrx_word' id='word_1_147' title='bbox 2337 1677 2579 1726; x_wconf 86' lang='lat' dir='ltr'>videlicet</span> 
     </span>
     <span class='ocr_line' id='line_1_17' title="bbox 257 1766 2579 1835; baseline -0 -19"><span class='ocrx_word' id='word_1_148' title='bbox 257 1771 347 1835; x_wconf 90' lang='lat' dir='ltr'>qui</span> <span class='ocrx_word' id='word_1_149' title='bbox 401 1782 570 1834; x_wconf 88' lang='lat' dir='ltr'>nuper</span> <span class='ocrx_word' id='word_1_150' title='bbox 621 1770 671 1816; x_wconf 91' lang='lat' dir='ltr'>in</span> <span class='ocrx_word' id='word_1_151' title='bbox 719 1768 898 1817; x_wconf 87' lang='lat' dir='ltr'>locum</span> <span class='ocrx_word' id='word_1_152' title='bbox 964 1770 1055 1816; x_wconf 87' lang='lat' dir='ltr'>viri</span> <span class='ocrx_word' id='word_1_153' title='bbox 1123 1770 1431 1818; x_wconf 88' lang='lat' dir='ltr'>venerabilis</span> <span class='ocrx_word' id='word_1_154' title='bbox 1487 1767 1604 1817; x_wconf 91' lang='lat' dir='ltr'>Vrsi</span> <span class='ocrx_word' id='word_1_155' title='bbox 1663 1766 1950 1834; x_wconf 87' lang='lat' dir='ltr'>patriarche</span> <span class='ocrx_word' id='word_1_156' title='bbox 2010 1767 2326 1835; x_wconf 83' lang='lat' dir='ltr'>subrogatus</span> <span class='ocrx_word' id='word_1_157' title='bbox 2383 1778 2474 1833; x_wconf 86' lang='lat' dir='ltr'>est,</span> <span class='ocrx_word' id='word_1_158' title='bbox 2527 1777 2579 1815; x_wconf 90' lang='lat' dir='ltr'>et</span> 
     </span>
     <span class='ocr_line' id='line_1_18' title="bbox 255 1855 2576 1923; baseline -0 -18"><span class='ocrx_word' id='word_1_159' title='bbox 255 1860 528 1906; x_wconf 89' lang='lat' dir='ltr'>Arnonem</span> <span class='ocrx_word' id='word_1_160' title='bbox 570 1859 739 1907; x_wconf 77' lang='lat' dir='ltr'>virum</span> <span class='ocrx_word' id='word_1_161' title='bbox 783 1857 1132 1907; x_wconf 84' lang='lat' dir='ltr'>venerabilem</span> <span class='ocrx_word' id='word_1_162' title='bbox 1176 1857 1485 1907; x_wconf 88' lang='lat' dir='ltr'>luuauensis</span> <span class='ocrx_word' id='word_1_163' title='bbox 1525 1857 1740 1907; x_wconf 85' lang='lat' dir='ltr'>ecclesie</span> <span class='ocrx_word' id='word_1_164' title='bbox 1780 1856 2238 1923; x_wconf 86' lang='lat' dir='ltr'>archiepiscopum</span> <span class='ocrx_word' id='word_1_165' title='bbox 2278 1857 2342 1905; x_wconf 89' lang='lat' dir='ltr'>de</span> <span class='ocrx_word' id='word_1_166' title='bbox 2384 1855 2480 1905; x_wconf 91' lang='lat' dir='ltr'>hac</span> <span class='ocrx_word' id='word_1_167' title='bbox 2522 1870 2576 1904; x_wconf 87' lang='lat' dir='ltr'>re</span> 
     </span>
     <span class='ocr_line' id='line_1_19' title="bbox 256 1945 2574 2014; baseline -0.001 -19"><span class='ocrx_word' id='word_1_168' title='bbox 256 1948 308 1995; x_wconf 91' lang='lat' dir='ltr'>in</span> <span class='ocrx_word' id='word_1_169' title='bbox 350 1945 587 1995; x_wconf 83' lang='lat' dir='ltr'>futurum</span> <span class='ocrx_word' id='word_1_170' title='bbox 632 1947 776 1996; x_wconf 91' lang='lat' dir='ltr'>nulla</span> <span class='ocrx_word' id='word_1_171' title='bbox 829 1948 1185 1996; x_wconf 89' lang='lat' dir='ltr'>controversia</span> <span class='ocrx_word' id='word_1_172' title='bbox 1226 1957 1317 1996; x_wconf 93' lang='lat' dir='ltr'>aut</span> <span class='ocrx_word' id='word_1_173' title='bbox 1356 1948 1565 2013; x_wconf 88' lang='lat' dir='ltr'>questio</span> <span class='ocrx_word' id='word_1_174' title='bbox 1616 1957 1906 2014; x_wconf 75' lang='lat' dir='ltr'>moveatur,</span> <span class='ocrx_word' id='word_1_175' title='bbox 1960 1946 2053 1996; x_wconf 89' lang='lat' dir='ltr'>sed</span> <span class='ocrx_word' id='word_1_176' title='bbox 2094 1948 2325 1996; x_wconf 90' lang='lat' dir='ltr'>contenti</span> <span class='ocrx_word' id='word_1_177' title='bbox 2367 1948 2470 1993; x_wconf 88' lang='lat' dir='ltr'>sint</span> <span class='ocrx_word' id='word_1_178' title='bbox 2513 1961 2574 1994; x_wconf 84' lang='lat' dir='ltr'>ex</span> 
     </span>
     <span class='ocr_line' id='line_1_20' title="bbox 255 2035 2572 2103; baseline -0.001 -18"><span class='ocrx_word' id='word_1_179' title='bbox 255 2045 476 2103; x_wconf 90' lang='lat' dir='ltr'>utraque</span> <span class='ocrx_word' id='word_1_180' title='bbox 517 2045 659 2101; x_wconf 90' lang='lat' dir='ltr'>parte</span> <span class='ocrx_word' id='word_1_181' title='bbox 701 2047 881 2085; x_wconf 86' lang='lat' dir='ltr'>nostro</span> <span class='ocrx_word' id='word_1_182' title='bbox 923 2036 1118 2085; x_wconf 89' lang='lat' dir='ltr'>iudicio</span> <span class='ocrx_word' id='word_1_183' title='bbox 1159 2036 1308 2103; x_wconf 91' lang='lat' dir='ltr'>quod</span> <span class='ocrx_word' id='word_1_184' title='bbox 1348 2038 1481 2086; x_wconf 89' lang='lat' dir='ltr'>inter</span> <span class='ocrx_word' id='word_1_185' title='bbox 1509 2052 1599 2086; x_wconf 88' lang='lat' dir='ltr'>eos</span> <span class='ocrx_word' id='word_1_186' title='bbox 1641 2035 1936 2086; x_wconf 86' lang='lat' dir='ltr'>secundum</span> <span class='ocrx_word' id='word_1_187' title='bbox 1977 2035 2299 2086; x_wconf 87' lang='lat' dir='ltr'>rectitudinis</span> <span class='ocrx_word' id='word_1_188' title='bbox 2326 2049 2572 2084; x_wconf 83' lang='lat' dir='ltr'>normam</span> 
     </span>
     <span class='ocr_line' id='line_1_21' title="bbox 256 2124 2580 2192; baseline -0.001 -18"><span class='ocrx_word' id='word_1_189' title='bbox 256 2137 471 2191; x_wconf 91' lang='lat' dir='ltr'>propter</span> <span class='ocrx_word' id='word_1_190' title='bbox 530 2128 795 2175; x_wconf 89' lang='lat' dir='ltr'>caritatem</span> <span class='ocrx_word' id='word_1_191' title='bbox 850 2136 900 2174; x_wconf 90' lang='lat' dir='ltr'>et</span> <span class='ocrx_word' id='word_1_192' title='bbox 947 2141 1131 2191; x_wconf 90' lang='lat' dir='ltr'>pacem</span> <span class='ocrx_word' id='word_1_193' title='bbox 1193 2142 1297 2192; x_wconf 90' lang='lat' dir='ltr'>que</span> <span class='ocrx_word' id='word_1_194' title='bbox 1359 2127 1491 2175; x_wconf 88' lang='lat' dir='ltr'>inter</span> <span class='ocrx_word' id='word_1_195' title='bbox 1548 2129 1676 2175; x_wconf 86' lang='lat' dir='ltr'>tales</span> <span class='ocrx_word' id='word_1_196' title='bbox 1741 2126 1880 2174; x_wconf 86' lang='lat' dir='ltr'>viros</span> <span class='ocrx_word' id='word_1_197' title='bbox 1938 2126 2087 2175; x_wconf 89' lang='lat' dir='ltr'>decet</span> <span class='ocrx_word' id='word_1_198' title='bbox 2146 2124 2580 2191; x_wconf 83' lang='lat' dir='ltr'>conservandam,</span> 
     </span>
     <span class='ocr_line' id='line_1_22' title="bbox 255 2211 2577 2280; baseline 0.001 -21"><span class='ocrx_word' id='word_1_199' title='bbox 255 2212 619 2265; x_wconf 79' lang='lat' dir='ltr'>iudicavimus,</span> <span class='ocrx_word' id='word_1_200' title='bbox 677 2211 864 2280; x_wconf 88' lang='lat' dir='ltr'>Neque</span> <span class='ocrx_word' id='word_1_201' title='bbox 919 2216 1061 2263; x_wconf 91' lang='lat' dir='ltr'>enim</span> <span class='ocrx_word' id='word_1_202' title='bbox 1103 2216 1287 2264; x_wconf 88' lang='lat' dir='ltr'>iustior</span> <span class='ocrx_word' id='word_1_203' title='bbox 1342 2215 1495 2264; x_wconf 92' lang='lat' dir='ltr'>nobis</span> <span class='ocrx_word' id='word_1_204' title='bbox 1548 2229 1708 2280; x_wconf 89' lang='lat' dir='ltr'>super</span> <span class='ocrx_word' id='word_1_205' title='bbox 1760 2213 2132 2266; x_wconf 89' lang='lat' dir='ltr'>huiuscemodi</span> <span class='ocrx_word' id='word_1_206' title='bbox 2189 2214 2577 2280; x_wconf 85' lang='lat' dir='ltr'>disceptacione</span> 
     </span>
     <span class='ocr_line' id='line_1_23' title="bbox 254 2299 2572 2373; baseline -0 -25"><span class='ocrx_word' id='word_1_207' title='bbox 254 2303 517 2350; x_wconf 88' lang='lat' dir='ltr'>sentencia</span> <span class='ocrx_word' id='word_1_208' title='bbox 566 2299 880 2366; x_wconf 90' lang='lat' dir='ltr'>proferenda</span> <span class='ocrx_word' id='word_1_209' title='bbox 935 2303 1224 2373; x_wconf 82' lang='lat' dir='ltr'>videbatur,</span> <span class='ocrx_word' id='word_1_210' title='bbox 1264 2320 1426 2371; x_wconf 87' lang='lat' dir='ltr'>quam</span> <span class='ocrx_word' id='word_1_211' title='bbox 1472 2315 1528 2353; x_wconf 90' lang='lat' dir='ltr'>ut</span> <span class='ocrx_word' id='word_1_212' title='bbox 1568 2304 1757 2353; x_wconf 83' lang='lat' dir='ltr'>divisio</span> <span class='ocrx_word' id='word_1_213' title='bbox 1799 2305 1934 2352; x_wconf 89' lang='lat' dir='ltr'>inter</span> <span class='ocrx_word' id='word_1_214' title='bbox 1974 2317 2066 2351; x_wconf 90' lang='lat' dir='ltr'>eos</span> <span class='ocrx_word' id='word_1_215' title='bbox 2108 2301 2246 2350; x_wconf 85' lang='lat' dir='ltr'>illius</span> <span class='ocrx_word' id='word_1_216' title='bbox 2303 2300 2572 2366; x_wconf 81' lang='lat' dir='ltr'>provincie</span> 
     </span>
     <span class='ocr_line' id='line_1_24' title="bbox 253 2387 2579 2459; baseline -0.001 -21"><span class='ocrx_word' id='word_1_217' title='bbox 253 2387 489 2458; x_wconf 89' lang='lat' dir='ltr'>(deberet</span> <span class='ocrx_word' id='word_1_218' title='bbox 535 2388 672 2459; x_wconf 76' lang='lat' dir='ltr'>fieri)</span> <span class='ocrx_word' id='word_1_219' title='bbox 728 2393 878 2441; x_wconf 87' lang='lat' dir='ltr'>cuius</span> <span class='ocrx_word' id='word_1_220' title='bbox 938 2392 1098 2442; x_wconf 89' lang='lat' dir='ltr'>ambo</span> <span class='ocrx_word' id='word_1_221' title='bbox 1155 2409 1210 2441; x_wconf 90' lang='lat' dir='ltr'>se</span> <span class='ocrx_word' id='word_1_222' title='bbox 1264 2395 1629 2442; x_wconf 84' lang='lat' dir='ltr'>auctoritatem</span> <span class='ocrx_word' id='word_1_223' title='bbox 1685 2391 1876 2442; x_wconf 89' lang='lat' dir='ltr'>babere</span> <span class='ocrx_word' id='word_1_224' title='bbox 1934 2390 2245 2449; x_wconf 84' lang='lat' dir='ltr'>asserebant,</span> <span class='ocrx_word' id='word_1_225' title='bbox 2302 2392 2426 2456; x_wconf 86' lang='lat' dir='ltr'>quia</span> <span class='ocrx_word' id='word_1_226' title='bbox 2478 2404 2579 2437; x_wconf 91' lang='lat' dir='ltr'>nos</span> 
     </span>
     <span class='ocr_line' id='line_1_25' title="bbox 254 2478 2578 2546; baseline -0 -19"><span class='ocrx_word' id='word_1_227' title='bbox 254 2480 565 2529; x_wconf 86' lang='lat' dir='ltr'>eorumdem</span> <span class='ocrx_word' id='word_1_228' title='bbox 608 2483 972 2530; x_wconf 89' lang='lat' dir='ltr'>auctoritatem</span> <span class='ocrx_word' id='word_1_229' title='bbox 1015 2493 1259 2531; x_wconf 89' lang='lat' dir='ltr'>neutram</span> <span class='ocrx_word' id='word_1_230' title='bbox 1289 2480 1474 2532; x_wconf 85' lang='lat' dir='ltr'>falsam</span> <span class='ocrx_word' id='word_1_231' title='bbox 1500 2493 1742 2532; x_wconf 88' lang='lat' dir='ltr'>neutram</span> <span class='ocrx_word' id='word_1_232' title='bbox 1782 2479 2049 2531; x_wconf 82' lang='lat' dir='ltr'>infirmam</span> <span class='ocrx_word' id='word_1_233' title='bbox 2077 2478 2246 2530; x_wconf 82' lang='lat' dir='ltr'>facere</span> <span class='ocrx_word' id='word_1_234' title='bbox 2287 2480 2578 2546; x_wconf 85' lang='lat' dir='ltr'>voluimus,</span> 
     </span>
     <span class='ocr_line' id='line_1_26' title="bbox 252 2567 2407 2637; baseline 0.001 -19"><span class='ocrx_word' id='word_1_235' title='bbox 252 2570 373 2635; x_wconf 88' lang='lat' dir='ltr'>quia</span> <span class='ocrx_word' id='word_1_236' title='bbox 418 2585 523 2618; x_wconf 89' lang='lat' dir='ltr'>una</span> <span class='ocrx_word' id='word_1_237' title='bbox 563 2572 873 2637; x_wconf 85' lang='lat' dir='ltr'>antiquitate</span> <span class='ocrx_word' id='word_1_238' title='bbox 913 2571 1072 2620; x_wconf 85' lang='lat' dir='ltr'>altera</span> <span class='ocrx_word' id='word_1_239' title='bbox 1113 2570 1356 2620; x_wconf 90' lang='lat' dir='ltr'>Romane</span> <span class='ocrx_word' id='word_1_240' title='bbox 1398 2572 1613 2621; x_wconf 89' lang='lat' dir='ltr'>ecclesie</span> <span class='ocrx_word' id='word_1_241' title='bbox 1654 2570 1978 2621; x_wconf 85' lang='lat' dir='ltr'>sublimitate</span> <span class='ocrx_word' id='word_1_242' title='bbox 2019 2567 2407 2636; x_wconf 86' lang='lat' dir='ltr'>precellebat.“]</span> 
     </span>
    </p>
   </div>
   <div class='ocr_carea' id='block_1_2' title="bbox 434 2673 2575 2743">
    <p class='ocr_par' dir='ltr' id='par_1_2' title="bbox 434 2673 2575 2743">
     <span class='ocr_line' id='line_1_27' title="bbox 434 2673 2575 2743; baseline -0.001 -21"><span class='ocrx_word' id='word_1_243' title='bbox 434 2673 584 2741; x_wconf 62' lang='lat' dir='ltr'>„Dat</span> <span class='ocrx_word' id='word_1_244' title='bbox 623 2673 807 2727; x_wconf 91' lang='lat' dir='ltr'>XVIII.</span> <span class='ocrx_word' id='word_1_245' title='bbox 849 2674 1051 2728; x_wconf 87' lang='lat' dir='ltr'>kalend.</span> <span class='ocrx_word' id='word_1_246' title='bbox 1093 2676 1197 2743; x_wconf 89' lang='lat' dir='ltr'>iul.,</span> <span class='ocrx_word' id='word_1_247' title='bbox 1251 2692 1392 2725; x_wconf 85' lang='lat' dir='ltr'>anno</span> <span class='ocrx_word' id='word_1_248' title='bbox 1433 2675 1503 2724; x_wconf 91' lang='lat' dir='ltr'>XI</span> <span class='ocrx_word' id='word_1_249' title='bbox 1583 2674 1796 2726; x_wconf 89' lang='lat' dir='ltr'>Christo</span> <span class='ocrx_word' id='word_1_250' title='bbox 1852 2676 2092 2742; x_wconf 90' lang='lat' dir='ltr'>propicio</span> <span class='ocrx_word' id='word_1_251' title='bbox 2152 2674 2355 2740; x_wconf 88' lang='lat' dir='ltr'>imperii</span> <span class='ocrx_word' id='word_1_252' title='bbox 2414 2673 2575 2721; x_wconf 86' lang='lat' dir='ltr'>nostri</span> 
     </span>
    </p>
   </div>
   <div class='ocr_carea' id='block_1_3' title="bbox 252 2757 2579 2920">
    <p class='ocr_par' dir='ltr' id='par_1_3' title="bbox 252 2757 2579 2920">
     <span class='ocr_line' id='line_1_28' title="bbox 252 2757 2579 2832; baseline 0.001 -22"><span class='ocrx_word' id='word_1_253' title='bbox 252 2773 302 2812; x_wconf 93' lang='lat' dir='ltr'>et</span> <span class='ocrx_word' id='word_1_254' title='bbox 339 2761 481 2813; x_wconf 89' lang='lat' dir='ltr'>XLII</span> <span class='ocrx_word' id='word_1_255' title='bbox 542 2766 686 2831; x_wconf 88' lang='lat' dir='ltr'>regni</span> <span class='ocrx_word' id='word_1_256' title='bbox 745 2766 907 2814; x_wconf 87' lang='lat' dir='ltr'>nostri</span> <span class='ocrx_word' id='word_1_257' title='bbox 950 2766 1000 2812; x_wconf 89' lang='lat' dir='ltr'>in</span> <span class='ocrx_word' id='word_1_258' title='bbox 1043 2763 1263 2815; x_wconf 88' lang='lat' dir='ltr'>Francia</span> <span class='ocrx_word' id='word_1_259' title='bbox 1313 2776 1470 2832; x_wconf 90' lang='lat' dir='ltr'>atque</span> <span class='ocrx_word' id='word_1_260' title='bbox 1531 2764 1792 2819; x_wconf 87' lang='lat' dir='ltr'>XXXVII.</span> <span class='ocrx_word' id='word_1_261' title='bbox 1836 2768 1887 2814; x_wconf 92' lang='lat' dir='ltr'>in</span> <span class='ocrx_word' id='word_1_262' title='bbox 1930 2763 2118 2826; x_wconf 89' lang='lat' dir='ltr'>Ytalia,</span> <span class='ocrx_word' id='word_1_263' title='bbox 2176 2763 2351 2813; x_wconf 92' lang='lat' dir='ltr'>indict.</span> <span class='ocrx_word' id='word_1_264' title='bbox 2409 2759 2515 2812; x_wconf 91' lang='lat'>1111.</span> <span class='ocrx_word' id='word_1_265' title='bbox 2538 2757 2579 2827; x_wconf 89' lang='lat'>¹)</span> 
     </span>
     <span class='ocr_line' id='line_1_29' title="bbox 253 2851 1066 2920; baseline 0.007 -20"><span class='ocrx_word' id='word_1_266' title='bbox 253 2863 427 2901; x_wconf 90' lang='lat' dir='ltr'>actum</span> <span class='ocrx_word' id='word_1_267' title='bbox 471 2855 788 2920; x_wconf 88' lang='lat' dir='ltr'>Aquisgrani</span> <span class='ocrx_word' id='word_1_268' title='bbox 830 2851 1066 2920; x_wconf 87' lang='lat' dir='ltr'>palacii.“</span> 
     </span>
    </p>
   </div>
   <div class='ocr_carea' id='block_1_4' title="bbox 248 2955 2580 3742">
    <p class='ocr_par' dir='ltr' id='par_1_4' title="bbox 248 2955 2580 3742">
     <span class='ocr_line' id='line_1_30' title="bbox 433 2955 2576 3024; baseline -0.001 -18"><span class='ocrx_word' id='word_1_269' title='bbox 433 2957 695 3024; x_wconf 86' lang='lat' dir='ltr'>[Rokopis</span> <span class='ocrx_word' id='word_1_270' title='bbox 737 2961 783 3006; x_wconf 93' lang='lat' dir='ltr'>iz</span> <span class='ocrx_word' id='word_1_271' title='bbox 830 2959 908 3010; x_wconf 86' lang='lat'>13.</span> <span class='ocrx_word' id='word_1_272' title='bbox 937 2958 1142 3023; x_wconf 86' lang='lat' dir='ltr'>stoletja</span> <span class='ocrx_word' id='word_1_273' title='bbox 1173 2977 1202 3007; x_wconf 90' lang='lat' dir='ltr'>v</span> <span class='ocrx_word' id='word_1_274' title='bbox 1232 2975 1274 3010; x_wconf 91' lang='lat' dir='ltr'>c.</span> <span class='ocrx_word' id='word_1_275' title='bbox 1306 2958 1378 3010; x_wconf 83' lang='lat' dir='ltr'>kr.</span> <span class='ocrx_word' id='word_1_276' title='bbox 1406 2958 1683 3009; x_wconf 66' lang='lat' dir='ltr'>driavnem</span> <span class='ocrx_word' id='word_1_277' title='bbox 1726 2958 1910 3009; x_wconf 82' lang='lat' dir='ltr'>arhivu</span> <span class='ocrx_word' id='word_1_278' title='bbox 1940 2975 2005 3008; x_wconf 91' lang='lat' dir='ltr'>na</span> <span class='ocrx_word' id='word_1_279' title='bbox 2035 2958 2266 3020; x_wconf 76' lang='lat' dir='ltr'>DunajU.</span> <span class='ocrx_word' id='word_1_280' title='bbox 2309 2986 2374 2994; x_wconf 91' lang='lat'><strong>—</strong></span> <span class='ocrx_word' id='word_1_281' title='bbox 2424 2955 2514 3004; x_wconf 89' lang='lat' dir='ltr'>Va</span> <span class='ocrx_word' id='word_1_282' title='bbox 2534 2956 2576 3004; x_wconf 89' lang='grc'>1-</span> 
     </span>
     <span class='ocr_line' id='line_1_31' title="bbox 252 3046 2570 3117; baseline 0 -22"><span class='ocrx_word' id='word_1_283' title='bbox 252 3062 498 3105; x_wconf 87' lang='lat' dir='ltr'>vasor‚</span> <span class='ocrx_word' id='word_1_284' title='bbox 557 3046 699 3097; x_wconf 89' lang='lat' dir='ltr'>Ehre</span> <span class='ocrx_word' id='word_1_285' title='bbox 761 3048 809 3100; x_wconf 92' lang='lat' dir='ltr'>d.</span> <span class='ocrx_word' id='word_1_286' title='bbox 849 3047 919 3101; x_wconf 81' lang='lat' dir='ltr'>H.</span> <span class='ocrx_word' id='word_1_287' title='bbox 950 3047 1128 3116; x_wconf 84' lang='lat' dir='ltr'>Krain,</span> <span class='ocrx_word' id='word_1_288' title='bbox 1183 3047 1243 3107; x_wconf 93' lang='lat' dir='ltr'>ll,</span> <span class='ocrx_word' id='word_1_289' title='bbox 1286 3049 1394 3101; x_wconf 88' lang='lat'>630</span> <span class='ocrx_word' id='word_1_290' title='bbox 1447 3066 1475 3098; x_wconf 91' lang='lat' dir='ltr'>z</span> <span class='ocrx_word' id='word_1_291' title='bbox 1534 3050 1815 3098; x_wconf 83' lang='lat' dir='ltr'>datumom</span> <span class='ocrx_word' id='word_1_292' title='bbox 1868 3046 2086 3117; x_wconf 86' lang='lat' dir='ltr'>„XV111.</span> <span class='ocrx_word' id='word_1_293' title='bbox 2127 3047 2219 3098; x_wconf 87' lang='lat' dir='ltr'>cal.</span> <span class='ocrx_word' id='word_1_294' title='bbox 2263 3047 2445 3096; x_wconf 80' lang='lat' dir='ltr'>iunii“.</span> <span class='ocrx_word' id='word_1_295' title='bbox 2516 3074 2570 3081; x_wconf 89' lang='lat'>—</span> 
     </span>
     <span class='ocr_line' id='line_1_32' title="bbox 253 3132 2580 3205; baseline -0.002 -19"><span class='ocrx_word' id='word_1_296' title='bbox 253 3134 514 3201; x_wconf 90' lang='lat' dir='ltr'>Ughell</span> <span class='ocrx_word' id='word_1_297' title='bbox 542 3138 572 3195; x_wconf 90' lang='lat' dir='ltr'>i,</span> <span class='ocrx_word' id='word_1_298' title='bbox 628 3135 770 3186; x_wconf 86' lang='lat' dir='ltr'>Italia</span> <span class='ocrx_word' id='word_1_299' title='bbox 811 3153 972 3201; x_wconf 89' lang='lat' dir='ltr'>sacra,</span> <span class='ocrx_word' id='word_1_300' title='bbox 1015 3137 1094 3189; x_wconf 91' lang='lat' dir='ltr'>ed.</span> <span class='ocrx_word' id='word_1_301' title='bbox 1133 3153 1250 3194; x_wconf 75' lang='lat' dir='ltr'>sec,</span> <span class='ocrx_word' id='word_1_302' title='bbox 1297 3137 1356 3194; x_wconf 89' lang='lat' dir='ltr'>V,</span> <span class='ocrx_word' id='word_1_303' title='bbox 1400 3139 1486 3191; x_wconf 85' lang='lat'>36.</span> <span class='ocrx_word' id='word_1_304' title='bbox 1526 3168 1595 3175; x_wconf 96' lang='lat'><strong>—</strong></span> <span class='ocrx_word' id='word_1_305' title='bbox 1639 3138 1886 3205; x_wconf 74' lang='lat' dir='ltr'>Lunig,</span> <span class='ocrx_word' id='word_1_306' title='bbox 1941 3135 2125 3188; x_wconf 84' lang='lat' dir='ltr'>Codex</span> <span class='ocrx_word' id='word_1_307' title='bbox 2165 3137 2289 3202; x_wconf 91' lang='lat' dir='ltr'>dipl.</span> <span class='ocrx_word' id='word_1_308' title='bbox 2330 3134 2453 3202; x_wconf 86' lang='lat' dir='ltr'>Ital,</span> <span class='ocrx_word' id='word_1_309' title='bbox 2495 3132 2580 3203; x_wconf 83' lang='lat' dir='ltr'>lv,</span> 
     </span>
     <span class='ocr_line' id='line_1_33' title="bbox 258 3223 2578 3295; baseline -0.002 -18"><span class='ocrx_word' id='word_1_310' title='bbox 258 3227 415 3278; x_wconf 87' lang='lat'>1513.</span> <span class='ocrx_word' id='word_1_311' title='bbox 455 3254 526 3262; x_wconf 93' lang='lat'><strong>—</strong></span> <span class='ocrx_word' id='word_1_312' title='bbox 565 3223 933 3295; x_wconf 88' lang='lat' dir='ltr'>(Kleimayrn),</span> <span class='ocrx_word' id='word_1_313' title='bbox 972 3226 1210 3286; x_wconf 81' lang='lat' dir='ltr'>Juvavia,</span> <span class='ocrx_word' id='word_1_314' title='bbox 1253 3225 1490 3294; x_wconf 85' lang='lat' dir='ltr'>Anhang,</span> <span class='ocrx_word' id='word_1_315' title='bbox 1529 3238 1615 3279; x_wconf 86' lang='lat' dir='ltr'>str.</span> <span class='ocrx_word' id='word_1_316' title='bbox 1649 3229 1730 3280; x_wconf 89' lang='lat'>16.</span> <span class='ocrx_word' id='word_1_317' title='bbox 1774 3256 1841 3264; x_wconf 92' lang='lat'><strong>—</strong></span> <span class='ocrx_word' id='word_1_318' title='bbox 1881 3227 2030 3276; x_wconf 85' lang='lat' dir='ltr'>Han</span> <span class='ocrx_word' id='word_1_319' title='bbox 2054 3228 2174 3288; x_wconf 88' lang='lat' dir='ltr'>siz,</span> <span class='ocrx_word' id='word_1_320' title='bbox 2217 3223 2375 3275; x_wconf 91' lang='lat' dir='ltr'>Germ</span> <span class='ocrx_word' id='word_1_321' title='bbox 2421 3238 2578 3290; x_wconf 85' lang='lat' dir='ltr'>sacra,</span> 
     </span>
     <span class='ocr_line' id='line_1_34' title="bbox 251 3312 2576 3385; baseline 0 -20"><span class='ocrx_word' id='word_1_322' title='bbox 251 3312 311 3381; x_wconf 90' lang='lat' dir='ltr'>II,</span> <span class='ocrx_word' id='word_1_323' title='bbox 348 3314 464 3368; x_wconf 89' lang='lat'>120.</span> <span class='ocrx_word' id='word_1_324' title='bbox 493 3344 564 3351; x_wconf 94' lang='lat'>—</span> <span class='ocrx_word' id='word_1_325' title='bbox 590 3313 630 3363; x_wconf 94' lang='lat' dir='ltr'>F</span> <span class='ocrx_word' id='word_1_326' title='bbox 649 3331 675 3363; x_wconf 89' lang='lat' dir='ltr'>e</span> <span class='ocrx_word' id='word_1_327' title='bbox 695 3315 707 3380; x_wconf 88' lang='lat' dir='ltr'><strong>j</strong></span> <span class='ocrx_word' id='word_1_328' title='bbox 729 3317 756 3364; x_wconf 76' lang='lat' dir='ltr'>e</span> <span class='ocrx_word' id='word_1_329' title='bbox 778 3331 817 3379; x_wconf 88' lang='lat' dir='ltr'>r,</span> <span class='ocrx_word' id='word_1_330' title='bbox 846 3313 981 3367; x_wconf 92' lang='lat' dir='ltr'>Cod.</span> <span class='ocrx_word' id='word_1_331' title='bbox 1009 3315 1135 3382; x_wconf 87' lang='lat' dir='ltr'>dipl.</span> <span class='ocrx_word' id='word_1_332' title='bbox 1161 3315 1476 3384; x_wconf 85' lang='lat' dir='ltr'>Hungariae,</span> <span class='ocrx_word' id='word_1_333' title='bbox 1503 3315 1538 3385; x_wconf 83' lang='lat' dir='ltr'>l,</span> <span class='ocrx_word' id='word_1_334' title='bbox 1570 3319 1689 3370; x_wconf 88' lang='lat'>153.</span> <span class='ocrx_word' id='word_1_335' title='bbox 1726 3346 1780 3353; x_wconf 88' lang='lat'>-—</span> <span class='ocrx_word' id='word_1_336' title='bbox 1818 3315 1908 3367; x_wconf 91' lang='lat' dir='ltr'>Bo</span> <span class='ocrx_word' id='word_1_337' title='bbox 1929 3333 2000 3367; x_wconf 89' lang='lat' dir='ltr'>cz</span> <span class='ocrx_word' id='word_1_338' title='bbox 2021 3315 2113 3370; x_wconf 83' lang='lat' dir='ltr'>ek.</span> <span class='ocrx_word' id='word_1_339' title='bbox 2141 3313 2276 3367; x_wconf 92' lang='lat' dir='ltr'>Cod.</span> <span class='ocrx_word' id='word_1_340' title='bbox 2304 3315 2429 3380; x_wconf 87' lang='lat' dir='ltr'>dipl.</span> <span class='ocrx_word' id='word_1_341' title='bbox 2458 3313 2576 3362; x_wconf 88' lang='lat' dir='ltr'>Mo-</span> 
     </span>
     <span class='ocr_line' id='line_1_35' title="bbox 250 3403 2576 3474; baseline -0.001 -22"><span class='ocrx_word' id='word_1_342' title='bbox 250 3406 437 3472; x_wconf 81' lang='lat' dir='ltr'>raviae‚</span> <span class='ocrx_word' id='word_1_343' title='bbox 466 3403 502 3464; x_wconf 91' lang='lat' dir='ltr'>l,</span> <span class='ocrx_word' id='word_1_344' title='bbox 530 3406 578 3457; x_wconf 90' lang='lat'>9.</span> <span class='ocrx_word' id='word_1_345' title='bbox 608 3434 675 3442; x_wconf 93' lang='lat'><strong>—</strong></span> <span class='ocrx_word' id='word_1_346' title='bbox 706 3404 756 3453; x_wconf 91' lang='lat' dir='ltr'>M</span> <span class='ocrx_word' id='word_1_347' title='bbox 781 3407 889 3471; x_wconf 90' lang='lat' dir='ltr'>ign</span> <span class='ocrx_word' id='word_1_348' title='bbox 911 3422 954 3471; x_wconf 86' lang='lat' dir='ltr'>e,</span> <span class='ocrx_word' id='word_1_349' title='bbox 995 3404 1274 3471; x_wconf 64' lang='lat' dir='ltr'>patrolog„</span> <span class='ocrx_word' id='word_1_350' title='bbox 1304 3404 1410 3457; x_wconf 89' lang='lat' dir='ltr'>Ser.</span> <span class='ocrx_word' id='word_1_351' title='bbox 1436 3406 1542 3474; x_wconf 75' lang='lat' dir='ltr'>lat,</span> <span class='ocrx_word' id='word_1_352' title='bbox 1566 3403 1780 3474; x_wconf 90' lang='lat' dir='ltr'>XCVII,</span> <span class='ocrx_word' id='word_1_353' title='bbox 1815 3407 1970 3460; x_wconf 81' lang='lat'>1044.</span> <span class='ocrx_word' id='word_1_354' title='bbox 2001 3435 2056 3443; x_wconf 90' lang='lat'>-</span> <span class='ocrx_word' id='word_1_355' title='bbox 2108 3403 2195 3455; x_wconf 93' lang='lat' dir='ltr'>Ca</span> <span class='ocrx_word' id='word_1_356' title='bbox 2215 3422 2246 3472; x_wconf 94' lang='lat' dir='ltr'>p</span> <span class='ocrx_word' id='word_1_357' title='bbox 2265 3404 2452 3471; x_wconf 89' lang='lat' dir='ltr'>pelle</span> <span class='ocrx_word' id='word_1_358' title='bbox 2473 3413 2525 3452; x_wconf 92' lang='lat' dir='ltr'>tt</span> <span class='ocrx_word' id='word_1_359' title='bbox 2544 3403 2576 3472; x_wconf 77' lang='lat' dir='ltr'>i,</span> 
     </span>
     <span class='ocr_line' id='line_1_36' title="bbox 248 3492 2565 3564; baseline 0 -23"><span class='ocrx_word' id='word_1_360' title='bbox 248 3492 320 3541; x_wconf 90' lang='lat' dir='ltr'>Le</span> <span class='ocrx_word' id='word_1_361' title='bbox 362 3492 513 3542; x_wconf 92' lang='lat' dir='ltr'>chese</span> <span class='ocrx_word' id='word_1_362' title='bbox 539 3493 588 3542; x_wconf 93' lang='lat' dir='ltr'>d&#39;</span> <span class='ocrx_word' id='word_1_363' title='bbox 613 3492 770 3561; x_wconf 88' lang='lat' dir='ltr'>Italia,</span> <span class='ocrx_word' id='word_1_364' title='bbox 798 3493 939 3554; x_wconf 90' lang='lat' dir='ltr'>VIII,</span> <span class='ocrx_word' id='word_1_365' title='bbox 975 3495 1094 3549; x_wconf 86' lang='lat'>105.</span> <span class='ocrx_word' id='word_1_366' title='bbox 1129 3523 1197 3532; x_wconf 89' lang='lat'>—</span> <span class='ocrx_word' id='word_1_367' title='bbox 1225 3498 1271 3542; x_wconf 92' lang='lat' dir='ltr'>A</span> <span class='ocrx_word' id='word_1_368' title='bbox 1290 3511 1321 3543; x_wconf 91' lang='lat' dir='ltr'>n</span> <span class='ocrx_word' id='word_1_369' title='bbox 1339 3493 1371 3543; x_wconf 82' lang='lat' dir='ltr'>k</span> <span class='ocrx_word' id='word_1_370' title='bbox 1389 3511 1416 3544; x_wconf 90' lang='lat' dir='ltr'>e</span> <span class='ocrx_word' id='word_1_371' title='bbox 1434 3510 1494 3545; x_wconf 90' lang='lat' dir='ltr'>rs</span> <span class='ocrx_word' id='word_1_372' title='bbox 1515 3494 1549 3543; x_wconf 90' lang='lat' dir='ltr'>h</span> <span class='ocrx_word' id='word_1_373' title='bbox 1572 3511 1604 3546; x_wconf 94' lang='lat' dir='ltr'>o</span> <span class='ocrx_word' id='word_1_374' title='bbox 1625 3493 1689 3545; x_wconf 85' lang='lat' dir='ltr'>fe</span> <span class='ocrx_word' id='word_1_375' title='bbox 1707 3512 1757 3564; x_wconf 83' lang='lat' dir='ltr'>n,</span> <span class='ocrx_word' id='word_1_376' title='bbox 1796 3493 2099 3545; x_wconf 90' lang='lat' dir='ltr'>Handbuch</span> <span class='ocrx_word' id='word_1_377' title='bbox 2138 3496 2229 3544; x_wconf 92' lang='lat' dir='ltr'>der</span> <span class='ocrx_word' id='word_1_378' title='bbox 2255 3492 2565 3544; x_wconf 86' lang='lat' dir='ltr'>Geschichte</span> 
     </span>
     <span class='ocr_line' id='line_1_37' title="bbox 253 3582 2574 3653; baseline 0.002 -23"><span class='ocrx_word' id='word_1_379' title='bbox 253 3583 300 3634; x_wconf 93' lang='lat' dir='ltr'>d.</span> <span class='ocrx_word' id='word_1_380' title='bbox 326 3582 393 3635; x_wconf 91' lang='lat' dir='ltr'>H.</span> <span class='ocrx_word' id='word_1_381' title='bbox 424 3583 668 3639; x_wconf 66' lang='lat' dir='ltr'>K‘arntem</span> <span class='ocrx_word' id='word_1_382' title='bbox 713 3582 802 3643; x_wconf 82' lang='lat' dir='ltr'>ub,</span> <span class='ocrx_word' id='word_1_383' title='bbox 846 3585 894 3636; x_wconf 91' lang='lat'>9.</span> <span class='ocrx_word' id='word_1_384' title='bbox 949 3613 1022 3621; x_wconf 88' lang='lat'>--</span> <span class='ocrx_word' id='word_1_385' title='bbox 1080 3584 1120 3632; x_wconf 91' lang='lat' dir='ltr'>K</span> <span class='ocrx_word' id='word_1_386' title='bbox 1146 3583 1537 3653; x_wconf 76' lang='lat' dir='ltr'>ukuljevic‚</span> <span class='ocrx_word' id='word_1_387' title='bbox 1585 3583 1962 3650; x_wconf 72' lang='lat' dir='ltr'>Diplomaticki</span> <span class='ocrx_word' id='word_1_388' title='bbox 2014 3583 2243 3637; x_wconf 85' lang='lat' dir='ltr'>sbornik.</span> <span class='ocrx_word' id='word_1_389' title='bbox 2286 3583 2322 3650; x_wconf 93' lang='lat'>1,</span> <span class='ocrx_word' id='word_1_390' title='bbox 2362 3587 2445 3635; x_wconf 83' lang='lat'>41.</span> <span class='ocrx_word' id='word_1_391' title='bbox 2507 3610 2574 3620; x_wconf 91' lang='lat'><strong>—</strong></span> 
     </span>
     <span class='ocr_line' id='line_1_38' title="bbox 250 3670 2576 3742; baseline 0 -23"><span class='ocrx_word' id='word_1_392' title='bbox 250 3670 288 3719; x_wconf 95' lang='grc' dir='ltr'>Ζ</span> <span class='ocrx_word' id='word_1_393' title='bbox 308 3670 450 3730; x_wconf 84' lang='lat' dir='ltr'>ahu,</span> <span class='ocrx_word' id='word_1_394' title='bbox 495 3671 837 3725; x_wconf 86' lang='lat' dir='ltr'>Urkundenb.</span> <span class='ocrx_word' id='word_1_395' title='bbox 866 3672 914 3725; x_wconf 92' lang='lat' dir='ltr'>d.</span> <span class='ocrx_word' id='word_1_396' title='bbox 942 3673 1010 3726; x_wconf 89' lang='lat' dir='ltr'>H.</span> <span class='ocrx_word' id='word_1_397' title='bbox 1042 3672 1371 3742; x_wconf 86' lang='lat' dir='ltr'>Steiermark,</span> <span class='ocrx_word' id='word_1_398' title='bbox 1403 3672 1435 3740; x_wconf 88' lang='lat' dir='ltr'>l,</span> <span class='ocrx_word' id='word_1_399' title='bbox 1461 3676 1510 3726; x_wconf 88' lang='lat'>5.</span> <span class='ocrx_word' id='word_1_400' title='bbox 1552 3701 1623 3712; x_wconf 95' lang='lat'><strong>—</strong></span> <span class='ocrx_word' id='word_1_401' title='bbox 1663 3673 1791 3724; x_wconf 90' lang='lat' dir='ltr'>Sch</span> <span class='ocrx_word' id='word_1_402' title='bbox 1811 3691 1845 3723; x_wconf 93' lang='lat' dir='ltr'>u</span> <span class='ocrx_word' id='word_1_403' title='bbox 1866 3676 1970 3737; x_wconf 88' lang='lat' dir='ltr'>mi,</span> <span class='ocrx_word' id='word_1_404' title='bbox 2011 3672 2204 3723; x_wconf 85' lang='lat' dir='ltr'>Archiv</span> <span class='ocrx_word' id='word_1_405' title='bbox 2232 3671 2264 3725; x_wconf 90' lang='lat' dir='ltr'>f.</span> <span class='ocrx_word' id='word_1_406' title='bbox 2296 3671 2544 3722; x_wconf 84' lang='lat' dir='ltr'>Heimatk</span> <span class='ocrx_word' id='word_1_407' title='bbox 2563 3710 2576 3732; x_wconf 84' lang='lat'><strong><em>‚</em></strong></span> 
     </span>
    </p>
   </div>
   <div class='ocr_carea' id='block_1_5' title="bbox 255 3834 609 3842">
    <p class='ocr_par' dir='ltr' id='par_1_5' title="bbox 255 3834 609 3842">
     <span class='ocr_line' id='line_1_39' title="bbox 255 3834 609 3842; baseline 0 616"><span class='ocrx_word' id='word_1_408' title='bbox 255 3834 609 3842; x_wconf 95' lang='lat' dir='ltr'> </span> 
     </span>
    </p>
   </div>
   <div class='ocr_carea' id='block_1_6' title="bbox 247 3906 2578 4257">
    <p class='ocr_par' dir='ltr' id='par_1_6' title="bbox 247 3906 2578 4257">
     <span class='ocr_line' id='line_1_40' title="bbox 439 3906 2578 3965; baseline 0 -15"><span class='ocrx_word' id='word_1_409' title='bbox 439 3909 471 3959; x_wconf 75' lang='grc' dir='ltr'>ι)</span> <span class='ocrx_word' id='word_1_410' title='bbox 506 3906 727 3963; x_wconf 73' lang='lat' dir='ltr'>IndikciJa</span> <span class='ocrx_word' id='word_1_411' title='bbox 758 3908 804 3951; x_wconf 91' lang='lat' dir='ltr'>in</span> <span class='ocrx_word' id='word_1_412' title='bbox 831 3907 1000 3952; x_wconf 71' lang='lat' dir='ltr'>§tevilo</span> <span class='ocrx_word' id='word_1_413' title='bbox 1035 3907 1098 3952; x_wconf 86' lang='lat' dir='ltr'>let</span> <span class='ocrx_word' id='word_1_414' title='bbox 1131 3907 1432 3962; x_wconf 85' lang='lat' dir='ltr'>Karolovega</span> <span class='ocrx_word' id='word_1_415' title='bbox 1464 3907 1729 3965; x_wconf 85' lang='lat' dir='ltr'>carievanJ’a</span> <span class='ocrx_word' id='word_1_416' title='bbox 1754 3907 1931 3963; x_wconf 65' lang='lat' dir='ltr'>kaieta,</span> <span class='ocrx_word' id='word_1_417' title='bbox 1966 3909 2027 3953; x_wconf 91' lang='lat' dir='ltr'>da</span> <span class='ocrx_word' id='word_1_418' title='bbox 2056 3908 2101 3965; x_wconf 82' lang='lat' dir='ltr'>ie</span> <span class='ocrx_word' id='word_1_419' title='bbox 2133 3906 2180 3953; x_wconf 78' lang='lat' dir='ltr'>ta</span> <span class='ocrx_word' id='word_1_420' title='bbox 2211 3908 2366 3953; x_wconf 88' lang='lat' dir='ltr'>listina</span> <span class='ocrx_word' id='word_1_421' title='bbox 2397 3906 2578 3952; x_wconf 86' lang='lat' dir='ltr'>nastala</span> 
     </span>
     <span class='ocr_line' id='line_1_41' title="bbox 253 3977 2578 4039; baseline 0.001 -16"><span class='ocrx_word' id='word_1_422' title='bbox 253 3977 345 4023; x_wconf 84' lang='lat' dir='ltr'>leta</span> <span class='ocrx_word' id='word_1_423' title='bbox 376 3980 502 4034; x_wconf 88' lang='lat'>811.;</span> <span class='ocrx_word' id='word_1_424' title='bbox 549 3981 697 4025; x_wconf 75' lang='lat' dir='ltr'>stevili</span> <span class='ocrx_word' id='word_1_425' title='bbox 741 3981 1008 4038; x_wconf 83' lang='lat' dir='ltr'>njegovega</span> <span class='ocrx_word' id='word_1_426' title='bbox 1053 3981 1337 4038; x_wconf 85' lang='lat' dir='ltr'>kraljevanJ‘a</span> <span class='ocrx_word' id='word_1_427' title='bbox 1378 3994 1442 4038; x_wconf 91' lang='lat' dir='ltr'>po</span> <span class='ocrx_word' id='word_1_428' title='bbox 1476 3981 1827 4027; x_wconf 84' lang='lat' dir='ltr'>Frankovskem</span> <span class='ocrx_word' id='word_1_429' title='bbox 1869 3983 1915 4026; x_wconf 88' lang='lat' dir='ltr'>in</span> <span class='ocrx_word' id='word_1_430' title='bbox 1949 3995 2014 4038; x_wconf 91' lang='lat' dir='ltr'>po</span> <span class='ocrx_word' id='word_1_431' title='bbox 2048 3982 2177 4039; x_wconf 83' lang='lat' dir='ltr'>Italiji</span> <span class='ocrx_word' id='word_1_432' title='bbox 2209 3994 2285 4038; x_wconf 91' lang='lat' dir='ltr'>pa,</span> <span class='ocrx_word' id='word_1_433' title='bbox 2320 3982 2380 4026; x_wconf 90' lang='lat' dir='ltr'>da</span> <span class='ocrx_word' id='word_1_434' title='bbox 2411 3981 2454 4038; x_wconf 83' lang='lat' dir='ltr'>je</span> <span class='ocrx_word' id='word_1_435' title='bbox 2485 3981 2578 4026; x_wconf 87' lang='lat' dir='ltr'>bila</span> 
     </span>
     <span class='ocr_line' id='line_1_42' title="bbox 253 4052 2576 4113; baseline 0.002 -17"><span class='ocrx_word' id='word_1_436' title='bbox 253 4052 449 4108; x_wconf 88' lang='lat' dir='ltr'>spisana</span> <span class='ocrx_word' id='word_1_437' title='bbox 481 4053 572 4098; x_wconf 87' lang='lat' dir='ltr'>leta</span> <span class='ocrx_word' id='word_1_438' title='bbox 596 4054 696 4100; x_wconf 90' lang='grc'><strong>810.</strong></span> <span class='ocrx_word' id='word_1_439' title='bbox 742 4055 832 4102; x_wconf 88' lang='lat' dir='ltr'>Ker</span> <span class='ocrx_word' id='word_1_440' title='bbox 876 4057 948 4099; x_wconf 76' lang='lat' dir='ltr'>sta</span> <span class='ocrx_word' id='word_1_441' title='bbox 990 4068 1018 4099; x_wconf 94' lang='lat' dir='ltr'>v</span> <span class='ocrx_word' id='word_1_442' title='bbox 1052 4055 1281 4100; x_wconf 83' lang='lat' dir='ltr'>takratnih</span> <span class='ocrx_word' id='word_1_443' title='bbox 1324 4055 1510 4100; x_wconf 85' lang='lat' dir='ltr'>listinah</span> <span class='ocrx_word' id='word_1_444' title='bbox 1557 4057 1659 4112; x_wconf 89' lang='lat' dir='ltr'>prvi</span> <span class='ocrx_word' id='word_1_445' title='bbox 1700 4056 1792 4102; x_wconf 90' lang='lat' dir='ltr'>dve</span> <span class='ocrx_word' id='word_1_446' title='bbox 1833 4058 1947 4102; x_wconf 81' lang='lat' dir='ltr'>vrsti</span> <span class='ocrx_word' id='word_1_447' title='bbox 1990 4052 2218 4113; x_wconf 76' lang='lat' dir='ltr'>datiranja</span> <span class='ocrx_word' id='word_1_448' title='bbox 2259 4069 2287 4100; x_wconf 89' lang='lat' dir='ltr'>v</span> <span class='ocrx_word' id='word_1_449' title='bbox 2326 4056 2447 4100; x_wconf 69' lang='lat' dir='ltr'>obce</span> <span class='ocrx_word' id='word_1_450' title='bbox 2479 4053 2576 4111; x_wconf 81' lang='lat' dir='ltr'>boli</span> 
     </span>
     <span class='ocr_line' id='line_1_43' title="bbox 257 4126 2578 4187; baseline 0.002 -18"><span class='ocrx_word' id='word_1_451' title='bbox 257 4126 497 4183; x_wconf 88' lang='lat' dir='ltr'>zanesljivi</span> <span class='ocrx_word' id='word_1_452' title='bbox 531 4127 676 4172; x_wconf 90' lang='lat' dir='ltr'>kakor</span> <span class='ocrx_word' id='word_1_453' title='bbox 709 4128 861 4184; x_wconf 85' lang='lat' dir='ltr'>zadnji</span> <span class='ocrx_word' id='word_1_454' title='bbox 887 4129 991 4179; x_wconf 84' lang='lat' dir='ltr'>dve.</span> <span class='ocrx_word' id='word_1_455' title='bbox 1025 4129 1196 4174; x_wconf 67' lang='lat' dir='ltr'>zasluii</span> <span class='ocrx_word' id='word_1_456' title='bbox 1224 4130 1394 4174; x_wconf 84' lang='lat' dir='ltr'>letnica</span> <span class='ocrx_word' id='word_1_457' title='bbox 1418 4131 1501 4175; x_wconf 92' lang='lat'>811</span> <span class='ocrx_word' id='word_1_458' title='bbox 1528 4131 1761 4186; x_wconf 82' lang='lat' dir='ltr'>prednost</span> <span class='ocrx_word' id='word_1_459' title='bbox 1792 4131 1910 4187; x_wconf 87' lang='lat' dir='ltr'>pred</span> <span class='ocrx_word' id='word_1_460' title='bbox 1941 4130 2115 4177; x_wconf 85' lang='lat' dir='ltr'>letnico</span> <span class='ocrx_word' id='word_1_461' title='bbox 2140 4131 2241 4176; x_wconf 90' lang='grc'><strong>810.</strong></span> <span class='ocrx_word' id='word_1_462' title='bbox 2262 4129 2384 4185; x_wconf 69' lang='lat' dir='ltr'>(Cir.</span> <span class='ocrx_word' id='word_1_463' title='bbox 2410 4128 2578 4182; x_wconf 86' lang='lat' dir='ltr'>Sickel,</span> 
     </span>
     <span class='ocr_line' id='line_1_44' title="bbox 247 4198 994 4257; baseline 0.005 -14"><span class='ocrx_word' id='word_1_464' title='bbox 247 4198 370 4244; x_wconf 90' lang='lat' dir='ltr'>Acta</span> <span class='ocrx_word' id='word_1_465' title='bbox 409 4200 751 4256; x_wconf 85' lang='lat' dir='ltr'>Karolinorum,</span> <span class='ocrx_word' id='word_1_466' title='bbox 793 4202 840 4256; x_wconf 90' lang='lat'>11,</span> <span class='ocrx_word' id='word_1_467' title='bbox 872 4203 994 4257; x_wconf 90' lang='lat'>295.)</span> 
     </span>
    </p>
   </div>
   <div class='ocr_carea' id='block_1_7' title="bbox 2695 0 2762 4196">
    <p class='ocr_par' dir='ltr' id='par_1_7' title="bbox 2695 0 2762 4196">
     <span class='ocr_line' id='line_1_45' title="bbox 2695 0 2762 4196; baseline 0 0"><span class='ocrx_word' id='word_1_468' title='bbox 2695 0 2762 4196; x_wconf 95' lang='lat' dir='ltr'> </span> 
     </span>
    </p>
   </div>
  </div>
 </body>
</html>
