2762 4458
1214 246 1278 304 st.
1304 260 1378 313 85,
1411 259 1481 305 86.
2319 322 2321 325 Ι
2439 262 2494 305 73

176 445 308 492 ciam
351 443 507 492 misit.
550 440 661 500 Qui
703 457 825 490 cum
865 456 1097 490 reversus
1146 438 1275 489 nihil
1315 443 1437 489 certi
1478 455 1636 506 super
1675 438 1771 498 his,
1817 457 1952 507 quae
1995 438 2135 489 fama
2175 442 2490 507 vulgaverat,

173 541 501 597 reportasset,
544 532 829 595 imperator
867 531 1098 596 legatum
1140 529 1205 578 ad
1245 546 1299 577 se
1341 540 1619 579 evocatum
1661 531 1771 578 sine
1812 529 1992 578 litteris
2035 544 2264 577 remeare
2321 527 2489 582 fecit.“

350 619 484 670 Vita
542 620 811 672 HludOW.
853 621 1013 683 imp.‚
1057 635 1099 669 c.
1147 634 1210 684 39
1253 616 1396 687 (MG.
1440 617 1547 686 SS.‚
1587 617 1646 686 II,
1689 617 1837 684 629):
1906 619 2018 677 „Ab
2075 616 2176 667 hoc
2229 627 2493 667 conventu

176 709 588 775 regredientibus
646 707 990 774 Bulgarorum
1035 709 1207 756 missis
1265 707 1545 773 literasque
1606 705 1961 755 deferentibus
2023 708 2368 774 imperatoris,
2410 723 2495 755 rex

173 813 359 846 eorum
405 800 581 846 minus
622 809 762 864 grate
805 813 940 864 quae
981 799 1169 861 scripta
1210 806 1333 844 sunt
1371 796 1505 851 tulit,
1550 812 1612 844 eo
1656 796 1804 862 quod
1843 798 2004 861 petita
2059 812 2168 844 non
2211 797 2493 860 inpetrarit.

179 885 320 936 Cum
363 888 592 953 quadam
636 888 759 954 ergo
799 884 1216 935 stomachatione
1258 885 1487 933 eundern
1531 886 1798 934 remittens
1841 887 2106 953 nuntium,
2147 885 2415 933 mandavit
2438 895 2494 933 ut

178 988 269 1024 aut
310 978 613 1025 communis
653 985 964 1025 statueretur
1002 976 1256 1023 terminus
1297 971 1504 1038 finium,
1547 985 1638 1022 aut
1678 990 2016 1041 quacumque
2058 983 2263 1039 poterat
2304 976 2490 1022 virtute

175 1067 404 1132 quisque
446 1075 677 1114 tueretur
715 1066 905 1113 limites
946 1061 1134 1113 finium
1177 1079 1416 1116 suorum.
1461 1062 1562 1112 Sed
1589 1079 1711 1112 cum
1739 1062 1878 1112 fama
1912 1079 2181 1113 rumorem
2211 1066 2496 1132 sparsisset,

178 1169 353 1220 regem
397 1155 518 1203 talia
559 1154 897 1202 mandantem
940 1168 1101 1219 regno
1145 1155 1386 1210 caruisse,
1431 1156 1718 1218 imperator
1757 1163 1863 1202 tam
1906 1153 1995 1200 diu
2037 1153 2270 1218 legatum
2311 1154 2493 1220 tenuit,

179 1258 466 1310 quousque
506 1245 668 1291 misso
710 1242 938 1291 Bertrico
991 1244 1182 1291 comite
1225 1243 1415 1307 palatii,
1461 1240 1586 1290 falsa
1629 1258 1738 1291 esse
1781 1259 1916 1309 quae
1971 1243 2306 1310 iactabantur,
2348 1258 2494 1290 com-

180 1333 407 1396 perisset.
450 1332 652 1381 Rescita
693 1342 869 1381 autem
911 1334 1137 1390 veritate,
1182 1334 1401 1380 missurn
1447 1329 1638 1380 infecto
1681 1334 1879 1380 remisit
1919 1335 2178 1397 negotio.“

365 1422 514 1473 Ann.
554 1421 716 1471 Fuld.
759 1422 823 1470 ad
865 1437 908 1474 a.
954 1421 1060 1472 826
1101 1421 1263 1484 (ibid.,
1306 1420 1339 1483 Ι,
1385 1417 1533 1489 359):
1581 1419 1753 1490 „Cum
1805 1424 1910 1487 regi
1951 1421 2300 1487 Bulgarorum
2344 1420 2494 1486 legati

183 1512 262 1558 sui
305 1512 454 1578 quod
517 1513 714 1577 egerint
771 1513 1169 1578 renuntiassent,
1217 1512 1406 1559 iterum
1468 1528 1607 1579 eum,
1666 1527 1826 1578 quem
1887 1514 2120 1577 primum
2164 1513 2388 1574 miserat,
2431 1509 2495 1557 ad

185 1600 553 1665 imperatorem
597 1616 717 1649 cum
760 1600 938 1648 litteris
978 1601 1191 1667 remisit,
1231 1615 1420 1666 rogans
1476 1610 1534 1648 ut
1573 1602 1682 1649 sine
1725 1617 1870 1650 mora
1915 1604 1966 1648 in
2008 1602 2353 1666 dispositione
2394 1610 2496 1648 ter-

185 1690 449 1737 minorum
492 1687 731 1737 diffinitio
773 1686 933 1749 fieret,
978 1689 1057 1737 vel
1108 1690 1149 1736 si
1190 1687 1292 1737 hoc
1334 1704 1442 1737 non
1496 1689 1736 1754 placeret,
1780 1706 1906 1738 suos
1961 1692 2186 1756 quisque
2241 1691 2494 1737 terminos

175 1777 287 1825 sine
326 1780 466 1843 pacis
508 1776 716 1827 foedere
757 1789 1004 1828 tueretur.
1048 1776 1227 1836 Quem
1269 1780 1555 1843 imperator
1594 1790 1900 1845 susceptum
1958 1789 2007 1827 et
2061 1779 2317 1839 auditum,
2379 1781 2487 1827 sine

171 1866 337 1915 itteris
391 1882 622 1916 remeare
665 1865 832 1919 fecit.“

1176 1944 1285 2031 St.
1343 1962 1473 2032 86.

346 2102 494 2170 826,
537 2117 798 2159 meseca
836 2103 1051 2173 junija.
1101 2103 1423 2173 ingelheim.

346 2191 584 2246 Driavni
631 2193 775 2247 zbor
817 2210 848 2246 v
892 2193 1256 2262 lngelheimu.
1301 2194 1397 2263 Tja
1440 2200 1520 2248 sta
1561 2195 1678 2249 tudi
1722 2195 1891 2264 prisla
1931 2194 2092 2265 groia
2137 2195 2392 2249 Balderik
2418 2196 2471 2248 in

164 2278 407 2346 Gerold,
451 2281 635 2336 katera
677 2288 758 2336 sta
801 2283 909 2337 bila
950 2283 1342 2353 predstojnika
1385 2285 1686 2353 panonske
1730 2288 1891 2352 meje.
1955 2286 2228 2340 Porocala
2271 2290 2352 2340 sta
2392 2302 2479 2340 ce-

165 2370 330 2438 sarju,
373 2371 443 2424 da
486 2387 547 2426 se
589 2373 677 2426 nic
717 2389 787 2426 ne
830 2374 954 2442 cuje
998 2389 1034 2427 o
1078 2374 1311 2443 gibanJu
1355 2374 1663 2444 Bolgarov.
1733 2375 1774 2427 Z
1818 2375 2174 2429 Balderikom
2216 2376 2266 2444 je
2310 2376 2479 2444 prisel

163 2475 197 2511 z
237 2458 571 2531 Beneskega
613 2461 740 2516 neki
784 2462 1099 2531 duhovnik‚
1163 2480 1241 2532 po
1299 2465 1489 2518 imenu
1546 2464 1693 2534 Jurij,
1739 2465 1906 2518 kateri
1966 2466 2018 2534 je
2062 2465 2202 2531 trdil,
2247 2465 2316 2519 da
2377 2481 2480 2518 zna

168 2546 336 2602 delati
380 2550 557 2618 org1e,
602 2551 785 2605 katere
827 2551 884 2605 bi
927 2552 1080 2606 voda
1124 2553 1380 2622 gonila.1)

318 2640 470 2693 Ann.
499 2656 615 2705 reg.
644 2641 851 2696 Franc.
892 2642 1051 2711 (Ann.
1095 2641 1273 2711 Einh.)
1314 2646 1377 2693 ad
1419 2662 1463 2698 a.
1509 2645 1613 2693 826
1657 2646 1759 2708 (ed.
1791 2644 1846 2698 F,
1881 2645 2065 2703 Kurze,
2094 2664 2145 2712 p.
2180 2646 2293 2714 169,
2330 2643 2477 2712 17o):

169 2726 493 2794 „Imperator
520 2769 533 2781 .
558 2770 568 2783 .
597 2770 609 2782 .
649 2734 780 2780 circa
823 2732 937 2784 Kal.
977 2732 1096 2785 Jun.
1125 2734 1188 2781 ad
1226 2733 1568 2799 Ingilenheim
1600 2714 1759 2802 venit,
1796 2734 2084 2802 habitoque
2115 2736 2182 2784 ibi
2211 2746 2478 2785 conventu

165 2832 272 2866 non
315 2820 632 2872 modico...
676 2820 943 2871 Baldricus
986 2838 1107 2872 vero
1151 2834 1200 2871 et
1252 2822 1513 2872 Geroldus
1572 2827 1790 2873 comites
1848 2841 1906 2874 ac
1959 2824 2247 2874 Pannonici
2302 2827 2480 2874 limitis

165 2905 407 2971 praefecti
451 2911 501 2956 in
545 2910 731 2958 eodem
777 2922 1039 2960 conventu
1083 2910 1365 2961 adfuerunt
1407 2924 1455 2961 et
1496 2912 1668 2962 adhuc
1709 2915 1771 2962 de
1815 2925 1965 2963 motu
1994 2913 2347 2980 Bulgarorum
2390 2916 2476 2963 ad-

166 3010 372 3044 versum
415 3013 511 3046 nos
553 2998 680 3047 nihil
723 3017 777 3048 se
818 3003 1005 3048 sentire
1046 3017 1201 3067 posse
1258 3004 1425 3051 testati
1480 3013 1617 3056 sunt.
1677 3002 1834 3052 Venit
1866 2999 2008 3053 'cum
2061 3003 2299 3053 Baldrico
2344 3021 2478 3070 pres·
2548 3068 2550 3070 v

165 3082 312 3151 byter
349 3086 560 3153 quidam
602 3089 664 3136 de
707 3088 923 3138 Venetia
966 3094 1182 3139 nomine
1227 3090 1504 3159 Georgius,
1547 3095 1634 3159 qui
1677 3110 1729 3141 se
1787 3109 2045 3161 organum
2101 3093 2266 3143 facere
2322 3111 2476 3159 posse

165 3172 479 3228 adserebat.“

340 3263 475 3314 Vita
512 3265 780 3318 Hludow.
809 3270 965 3333 imp.,
1009 3285 1048 3319 c.
1089 3283 1158 3332 40
1201 3267 1343 3338 (MG.
1386 3269 1493 3339 SS.‚
1535 3270 1592 3329 ΙΙ,
1639 3268 1790 3338 629);
1839 3271 2069 3335 „Interea
2111 3289 2230 3322 curn
2280 3272 2472 3321 Baldri-

163 3364 255 3398 cus
294 3363 345 3400 et
383 3351 636 3405 Geraldus
679 3359 938 3424 ceterique
1004 3357 1396 3408 Pannoniarum
1458 3361 1762 3427 custodes2)
1825 3362 2064 3410 adessent
2123 3360 2330 3428 finium,
2389 3363 2477 3411 ad-

161 3438 308 3489 duxit
347 3440 611 3493 Baldricus
652 3445 854 3494 domno
899 3449 1198 3512 imperatori
1241 3449 1605 3517 presbyterum
1648 3451 1923 3516 quondam
1967 3449 2276 3518 Georgium,
2307 3453 2475 3500 bonae

162 3529 294 3576 vitae
334 3527 623 3590 hominem,
668 3536 757 3601 qui
801 3551 854 3583 se
897 3538 1224 3601 promitteret
1266 3553 1523 3604 organum
1569 3554 1714 3587 more
1758 3555 1912 3604 posse
1955 3556 2275 3606 componere
2319 3539 2476 3590 Grae-

162 3622 394 3669 corum.“

337 3707 486 3759 Ann.
527 3707 687 3761 Fuld.
731 3710 795 3758 ad
853 3728 897 3764 a.
943 3712 1045 3761 826
1101 3710 1264 3781 (ibid.,
1308 3713 1341 3781 I,
1387 3712 1538 3782 359):
1603 3715 1895 3783 „Georgius
1937 3718 2150 3784 quidam
2210 3720 2477 3786 presbyter

161 3793 225 3842 de
266 3793 500 3858 Venetia,
542 3813 660 3846 cum
705 3798 940 3850 Baldrico
969 3805 1161 3851 comite
1204 3802 1565 3853 Foroiuliense
1589 3808 1819 3870 veniens,
1851 3822 2107 3872 organum
2144 3809 2471 3875 ydraulicum

162 3885 475 3950 Aquisgrani
520 3884 684 3940 fecit.“

342 4004 372 4054 ¹)
409 3999 555 4057 Orgle
589 4014 647 4046 na
679 4003 809 4048 vodo
842 4016 899 4049 so
933 4005 1024 4051 bile
1057 4007 1125 4062 pri
1162 4007 1359 4053 Frankih
1395 4009 1543 4055 takrat
1569 4023 1796 4057 neznane.
1844 4013 1992 4059 Cesar
2036 4014 2079 4069 je
2111 4015 2164 4060 {e
2199 4018 2302 4060 zato
2339 4029 2363 4060 z
2395 4029 2474 4061 ve-

162 4070 322 4129 seljem
358 4074 525 4131 sprejel
560 4075 792 4131 ponudbo
826 4076 1095 4137 beneskega
1129 4081 1417 4137 duhovnika‚
1453 4084 1512 4128 da
1544 4083 1588 4129 bi
1624 4086 1834 4142 napi-avil
1870 4087 1975 4133 take
2009 4088 2153 4146 orgle,
2188 4089 2267 4134 ker
2299 4090 2341 4146 je
2376 4090 2474 4147 nje-

165 4156 288 4200 gova
321 4159 532 4206 soproga
564 4149 678 4195 rada
712 4164 770 4195 na
805 4151 880 4208 nie
915 4153 1071 4210 igi-ala.

341 4222 377 4278 ²)
412 4222 594 4269 Besede
631 4226 893 4283 „ceterique
928 4228 1274 4275 Pannoniarum
1310 4230 1561 4278 custodes“
1598 4246 1651 4278 so
1687 4238 1897 4290 pomota.
