2762 4458
1147 236 1210 293 st.
1237 248 1337 302 267,
1370 247 1473 292 268.
2388 245 2482 289 203

165 435 363 504 nonijo
408 439 490 487 ter
528 433 585 501 io
628 428 952 485 strasansko
996 445 1026 481 z
1069 427 1301 498 ognjem
1359 427 1413 480 in
1471 428 1687 479 mecvm
1731 425 2038 494 pustosil.¹)
2100 425 2179 478 Ρο
2238 423 2475 493 preteku

165 538 346 592 enega
373 523 477 576 leta
508 537 570 575 se
598 521 651 590 je
681 517 998 587 Svetopolk
1028 532 1412 586 nepremagan
1441 530 1467 568 s
1494 515 1662 583 sv010
1687 514 1892 583 vojsko
1918 513 2054 567 vrnil
2080 530 2113 566 v
2138 513 2479 568 domovino.

339 643 491 693 Ann.
532 640 716 698 Fuld„
757 638 821 702 V,
864 640 926 687 ad
969 654 1014 689 a.
1058 637 1166 687 884
1217 635 1362 703 (ΜΟ.
1402 635 1508 705 SS.,
1548 634 1583 693 J,
1627 631 1784 702 4oo):
1846 634 2016 695 „Hinc
2069 634 2314 700 equidem
2371 649 2479 681 non

165 730 551 785 confidentibus
592 747 619 778 a
661 745 782 795 rege
825 730 999 793 pueris
1040 726 1238 793 aliquid
1280 727 1405 775 boni
1448 736 1664 792 propter
1704 724 1955 773 delictum
1986 724 2133 789 quod
2175 725 2226 770 in
2269 721 2484 770 Erbone

166 823 493 877 commisere,
535 829 878 878 recesserunt,
907 825 1306 881 statueruntque
1334 812 1444 863 fieri
1487 813 1732 863 homines
1763 810 1984 880 Arnulfi,
2013 812 2320 860 Karlmanni
2349 813 2485 877 regis

164 911 273 975 filii,
332 912 423 977 qui
482 920 609 958 tunc
664 907 996 956 Pannoniam
1051 906 1235 957 tenuit.
1294 902 1420 963 Quo
1476 903 1675 966 audito,
1737 901 2113 951 Zuentibaldus
2175 901 2281 950 dux
2340 902 2485 948 misit

164 1002 387 1052 nuncios
428 1001 493 1047 ad
534 1014 675 1065 eum,
716 998 785 1045 ait
825 996 919 1046 illi:
972 993 1253 1057 „Inimicos
1309 1009 1459 1042 meos
1514 1004 1804 1059 sustentas3
1847 994 1887 1040 si
1930 1008 2020 1040 eos
2062 1007 2169 1039 non
2213 991 2487 1057 dimiseris,

167 1108 231 1142 ne
270 1106 353 1139 me
395 1086 614 1154 [tecum]
673 1082 1004 1151 pacificatum
1059 1081 1325 1136 habebi8.“
1378 1083 1611 1132 Alteram
1666 1096 1791 1131 vero
1850 1082 2183 1130 occasionem
2238 1080 2486 1128 adversus

169 1195 290 1231 eum
328 1177 574 1244 protulit:
625 1173 761 1236 „Tui
805 1172 1049 1223 homines
1091 1176 1140 1221 in
1168 1175 1329 1222 vitam
1372 1189 1564 1237 meam,
1607 1187 1703 1221 nec
1744 1173 1920 1220 minus
1947 1173 1998 1219 in
2028 1186 2250 1236 regnum
2287 1186 2486 1236 meum,

169 1269 347 1320 dolose
387 1282 509 1316 cum
550 1264 787 1330 Bulgaris
830 1259 1294 1330 conciliaverunt“,
1333 1264 1423 1329 qui
1467 1263 1627 1328 priori
1670 1277 1810 1309 anno
1848 1276 2007 1309 suum
2049 1275 2277 1327 regnum
2318 1269 2488 1308 vasta-

167 1371 312 1423 vere3
357 1356 491 1421 „hoc
517 1355 640 1404 volo
683 1352 812 1402 mihi
844 1368 964 1402 cum
1008 1355 1304 1402 iuramento
1330 1367 1514 1400 verum
1558 1367 1664 1400 non
1708 1366 1818 1398 esse
1861 1351 2206 1400 contestari“:
2250 1363 2486 1415 quorum

169 1458 412 1498 neutrum
457 1461 714 1512 umquam
759 1459 812 1492 se
855 1441 1116 1492 facturum
1162 1439 1415 1490 Arnulfus
1463 1442 1742 1493 renuntiat.
1807 1439 1987 1507 Itaque
2047 1439 2168 1506 dux,
2221 1455 2344 1487 nam
2397 1438 2487 1486 diu

171 1538 394 1589 collectis
455 1552 516 1584 ex
570 1536 715 1583 omni
770 1542 915 1599 parte
957 1531 1266 1581 Sclavorum
1323 1533 1506 1599 copiis,
1559 1547 1681 1580 cum
1744 1546 1939 1597 magno
2002 1531 2227 1578 exercitu
2293 1528 2489 1576 invadit

171 1626 511 1693 Pannoniam,
541 1627 820 1672 inmaniter
846 1638 903 1670 ac
930 1633 1168 1671 cruenter
1209 1636 1355 1670 more
1397 1621 1507 1687 lupi
1552 1630 1757 1675 mactat,
1801 1621 1918 1686 igne
1949 1630 1998 1668 et
2026 1617 2161 1668 ferro
2204 1620 2488 1666 maximam

171 1727 366 1783 partem
395 1715 643 1780 devastat,
669 1713 853 1761 deterit
893 1723 943 1761 et
983 1713 1263 1779 consumit,
1305 1713 1371 1760 ita
1415 1722 1473 1759 ut
1513 1727 1620 1760 non
1663 1711 1907 1759 inmerito
1950 1711 2099 1758 istam
2131 1708 2196 1757 ad
2224 1709 2487 1756 miseriam

169 1804 252 1855 hic
288 1819 468 1853 versus
509 1805 784 1869 componi:

613 1923 712 1971 Hic
752 1924 945 1988 patriae
989 1922 1245 1986 planctus,
1290 1919 1450 1968 simul
1491 1931 1540 1969 et
1581 1920 1873 1968 miserabile
1916 1917 2093 1973 funus.

350 2056 476 2118 Quo
517 2070 727 2124 peracto
770 2058 953 2106 dolore
995 2071 1087 2121 per
1126 2052 1443 2104 antefactum
1500 2055 1699 2121 puerile
1742 2054 2040 2119 consilium,
2095 2056 2273 2119 spacio
2332 2054 2493 2101 unius

171 2151 311 2216 anni,
350 2150 454 2198 dux
496 2164 617 2197 cum
660 2149 884 2196 exercitu
927 2163 1025 2195 suo
1069 2163 1175 2194 non
1218 2148 1388 2196 laesus
1430 2149 1680 2193 remeavit
1722 2147 1770 2192 in
1814 2142 1960 2197 sua.“

1150 2420 1261 2488 St.
1316 2420 1502 2488 268.

345 2518 495 2574 884.
1287 2526 1290 2529 ’

346 2608 392 2662 V
433 2615 542 2661 tem
585 2608 696 2661 lem
737 2607 790 2676 ie
833 2607 1118 2661 moravski
1161 2607 1414 2677 voivoda
1457 2604 1775 2674 Svetopolk
1828 2606 1876 2658 iz
1919 2620 2069 2658 nova
2126 2602 2276 2657 zbral
2320 2603 2485 2671 svoje

176 2701 367 2762 imme,
423 2697 498 2766 jib
561 2696 814 2766 pripeljal
858 2713 891 2750 v
937 2697 1210 2766 Panonij0
1274 2703 1354 2750 ter
1415 2696 1697 2765 opustosil
1760 2698 1821 2748 {e
1864 2701 1940 2753 to,
2002 2693 2097 2747 kar
2136 2695 2187 2762 ie
2246 2692 2323 2747 od
2369 2692 2486 2761 prej

176 2785 354 2842 ostalo
408 2787 852 2855 nedotaknjeno.
912 2786 1116 2840 Toliko
1174 2786 1423 2856 vojakov
1478 2788 1528 2854 je
1585 2785 1710 2840 ime!
1770 2802 1795 2838 s
1839 2785 2025 2853 seboJ,
2083 2784 2153 2837 da
2198 2783 2251 2836 bi
2292 2782 2368 2853 jih
2413 2783 2487 2836 bil

174 2876 520 2945 opazovalec
574 2875 742 2929 lahko
798 2876 983 2945 gledal
1028 2892 1128 2930 ves
1184 2877 1313 2937 dan,
1375 2876 1448 2930 ko
1495 2876 1547 2930 bi
1593 2876 1763 2929 mimo
1809 2875 1977 2944 njega
2021 2872 2287 2927 desilirali.
2342 2873 2489 2926 Dva-

172 2965 309 3033 naist
349 2966 443 3019 dni
484 2967 536 3035 je
580 2974 628 3018 ta
671 2965 929 3019 mnoiica
971 2966 1246 3033 pustosila
1289 2982 1368 3035 po
1413 2964 1705 3019 Arnuliovi
1749 2965 1928 3033 zemlji
1959 2970 2039 3018 ter
2066 2980 2126 3017 se
2156 2968 2286 3017 nato
2318 2966 2491 3030 zopet

172 3054 340 3108 vrnila
382 3054 634 3119 domov;
690 3055 740 3109 le
782 3071 852 3108 en
897 3054 1149 3109 oddelek
1188 3056 1240 3124 je
1285 3056 1423 3110 ostal
1467 3055 1647 3124 poleg
1691 3055 1949 3108 Donave.
2012 3054 2098 3109 Κο
2143 3060 2225 3107 sta
2266 3058 2322 3106 to
2369 3052 2491 3104 cula

170 3143 485 3214 Megingoz
527 3144 579 3197 in
624 3144 842 3207 Pabon,
887 3145 1209 3218 najstarejsa
1253 3144 1690 3215 Engilskalkova
1746 3145 1796 3197 in
1841 3143 2215 3197 Wilhelmova
2271 3143 2488 3197 sinova.

172 3238 252 3287 sta
293 3232 445 3288 okoli
489 3234 630 3288 sebe
673 3233 859 3288 zbrala
903 3234 1165 3287 nekatere
1210 3235 1477 3288 Panonce
1522 3241 1600 3287 ter
1642 3234 2002 3302 neprevidno
2033 3232 2271 3300 napadla
2302 3232 2487 3284 receni

353 3402 385 3452 ¹)
418 3396 491 3442 Tu
526 3398 714 3452 (itamo,
749 3397 810 3442 da
842 3410 897 3442 so
931 3398 1021 3443 leta
1053 3398 1153 3443 882.
1189 3397 1374 3451 Bolgari
1423 3397 1580 3454 plenili
1623 3411 1686 3454 po
1722 3396 2050 3449 Moravskem;
2097 3396 2186 3440 leta
2219 3396 2320 3440 883.
2354 3394 2395 3451 J'e
2430 3407 2490 3450 pa

173 3469 429 3528 Svetopolk
463 3472 612 3517 udaril
647 3485 669 3517 s
704 3472 890 3529 svojimi
925 3472 1092 3517 cetami
1125 3485 1152 3515 v
1187 3472 1434 3528 Panonijo.
1470 3473 1514 3516 lz
1547 3475 1654 3529 tega
1689 3472 1948 3528 sklepamo‚
1986 3471 2043 3514 da
2077 3484 2127 3515 se
2161 3470 2203 3526 je
2238 3469 2491 3514 moravska

173 3545 335 3603 zemlja
368 3546 574 3591 dotikala
609 3546 840 3603 Panonije
875 3548 919 3591 in
954 3546 1203 3603 Bolgariie.
1238 3547 1322 3604 Kje
1355 3547 1397 3604 je
1430 3547 1521 3592 bila
1557 3547 1798 3603 PanoniJ'a‚
1838 3546 1879 3603 je
1914 3558 2081 3589 znano.
2132 3544 2299 3601 Segala
2343 3545 2385 3600 je
2431 3557 2490 3588 na

173 3631 337 3665 severu
371 3621 415 3664 in
441 3621 632 3666 vzhodu
668 3622 731 3665 do
766 3622 983 3667 Donave.
1018 3622 1283 3678 Vprasanje
1318 3621 1375 3678 ie,
1411 3621 1483 3677 kje
1515 3621 1558 3677 J'e
1591 3620 1683 3666 bila
1718 3621 1837 3677 meja
1871 3621 1978 3665 med
2006 3619 2416 3664 velikomoravsko
2445 3620 2490 3662 in

173 3693 426 3749 bolgarsko
460 3696 648 3740 drIavO.
683 3696 901 3741 Nekateri
935 3709 990 3741 so
1026 3696 1192 3750 mislili,
1237 3697 1296 3740 da
1341 3709 1392 3741 se
1434 3696 1477 3753 je
1523 3695 1757 3740 Veliko
1779 3708 1821 3739 m
1846 3708 1872 3738 0
1895 3693 2138 3738 ravsko
2185 3693 2307 3748 proti
2351 3692 2489 3749 jugo-

173 3768 359 3814 vzhodu
394 3771 724 3826 razprostiralo
760 3783 894 3815 samo
930 3770 991 3815 do
1026 3770 1134 3815 reke
1160 3770 1325 3814 Grona
1361 3784 1419 3815 na
1444 3771 1691 3827 Ogrskem.
1729 3769 1892 3813 Huber
1926 3768 1965 3824 je
2000 3780 2061 3824 pa
2087 3766 2285 3811 dokazal
2312 3766 2489 3822 (Mitth.

174 3843 217 3888 d.
243 3842 337 3888 lnst
374 3843 405 3889 f.
432 3845 596 3889 osterr.
622 3844 1183 3901 Geschichtsforschung.
1222 3845 1269 3899 11,
1304 3845 1405 3896 374,
1446 3845 1568 3898 375),
1615 3844 1673 3888 da
1718 3844 1759 3900 ie
1805 3847 1850 3887 ta
1897 3843 2066 3887 driava
2111 3840 2332 3886 nekoliko
2380 3842 2489 3885 casa

139 3977 143 3981 .
174 3918 332 3975 segala
364 3932 423 3963 na
456 3919 661 3963 vzhodni
697 3920 838 3963 strani
873 3918 1076 3964 Donave
1109 3933 1172 3974 po
1209 3919 1386 3963 ravnini
1423 3919 1529 3963 reke
1563 3918 1672 3963 Tise
1708 3918 1770 3962 do
1805 3918 1977 3974 Belega
2009 3917 2169 3973 grada.
2207 3916 2486 3963 Konstanlin

177 3991 564 4050 Porphyrogenet
597 3993 691 4046 (De
724 3993 848 4038 adm.
875 3994 1001 4049 imp„
1027 4006 1066 4038 c.
1087 3993 1160 4047 38,
1194 3995 1264 4046 40,
1299 3994 1371 4046 41,
1405 3994 1480 4046 42)
1515 3994 1657 4046 pravi,
1692 3993 1751 4037 da
1786 4005 1839 4037 so
1876 3991 2074 4047 Madjari
2098 3990 2272 4035 zasedli
2298 3989 2487 4034 Veliko-

176 4067 428 4112 moravsko
464 4067 689 4112 onostran
725 4068 940 4122 Donave,
975 4068 1130 4112 katera
1164 4081 1214 4111 se
1247 4067 1290 4124 je
1323 4067 1649 4123 razprostirala
1684 4067 1745 4111 od
1782 4067 1954 4123 Belega
1976 4065 2122 4123 grada
2156 4065 2276 4122 proti
2305 4078 2488 4110 severu.

177 4139 251 4186 lsti
284 4142 464 4199 pisatelj
498 4142 587 4187 loci
622 4146 680 4195 (c.
706 4144 783 4197 42)
814 4143 984 4199 zemljo
1020 4146 1245 4187 onostran
1282 4143 1482 4187 Donave
1525 4142 1606 4197 (od
1644 4143 1844 4187 Donave
1890 4142 2010 4197 proti
2046 4139 2235 4185 vzhodu
2283 4140 2389 4184 med
2441 4141 2491 4183 to

174 4212 284 4258 reko
318 4215 362 4259 in
396 4215 531 4270 Tiso)
568 4217 629 4260 od
665 4216 828 4273 zemlje
862 4220 1040 4262 tostran
1076 4217 1290 4267 Donave,
1326 4216 1367 4260 ki
1403 4230 1453 4261 se
1486 4216 1528 4272 je
1562 4215 1775 4272 nahajala
1809 4216 1915 4260 med
1952 4218 1999 4259 to
2034 4217 2144 4260 reko
2180 4216 2224 4259 in
2262 4214 2404 4259 Savo,
