2762 4458
13 742 17 745 ·
4 598 42 712 ⁴2¹&ae
12 542 20 551 ⁴

33 710 37 717 ,
34 629 50 659 „3¹
32 594 35 611 .,
32 543 35 546 ,

1036 261 1099 318 ἐπ.
1126 275 1226 326 268,
1259 274 1363 323 209,
1395 273 1498 321 270,
1532 273 1635 316 271.
2409 271 2498 314 205

179 468 400 515 nerunt;
457 457 548 505 sed
589 467 763 504 tamen
806 470 1039 520 pugnam
1096 456 1391 502 certaminis
1434 455 1662 501 inierunt
1704 468 1809 500 non
1854 452 2049 517 utilem,
2106 468 2226 498 nam
2272 452 2334 498 ad
2379 451 2499 499 illos

179 549 394 596 victoria
437 547 707 595 concessit.
772 543 856 592 Isti
899 542 1052 609 fugae
1094 543 1415 606 praesidium
1458 552 1767 608 quaerentes
1809 540 2088 605 Megingoz
2148 551 2196 587 et
2240 539 2400 604 Papo,
2445 542 2494 586 in

179 635 398 685 flumine
440 637 531 702 qui
572 635 761 683 dicitur
801 633 977 682 Hraba
1019 635 1175 680 vitam
1220 629 1423 696 finiere3
1466 629 1620 679 frater
1661 646 1782 678 vero
1824 629 2093 678 sserhtoldi
2136 631 2343 677 comitis
2374 645 2494 676 cum

179 727 290 774 aliis
331 725 739 791 quamplurimis
793 740 820 770 a
862 721 1124 771 Sclavanis
1178 731 1352 769 tentus
1396 731 1486 772 est,
1542 719 1843 774 Attendant,
1903 719 2135 766 iudicent
2175 728 2329 784 atque
2373 733 2501 765 con·

179 813 395 863 tendant
452 812 767 861 detractores
808 813 930 877 veri,
990 822 1039 859 et
1078 811 1274 877 quibus
1332 809 1489 858 huius
1553 809 1857 857 suasoribus
1899 810 1968 855 rei
2011 809 2092 855 vel
2153 807 2353 855 consilii
2396 807 2498 868 pri-

180 902 383 952 mordia
424 902 729 967 placuerint,
769 901 1008 965 placeant
1048 901 1206 948 etiam
1260 899 1634 965 subsequentia
1692 899 1845 951 mala,
1905 896 2281 961 Vituperarunt
2321 907 2498 944 autem

179 1007 382 1059 pacem,
425 1007 531 1058 qua
574 1000 880 1039 conservata
924 989 1194 1037 Pannonia
1236 999 1539 1037 conservata
1583 999 1672 1053 est,
1713 1004 1813 1054 qua
1860 1002 1983 1034 vero
2028 988 2216 1052 vitiata,
2258 1001 2349 1051 per
2383 1001 2499 1049 spa-

182 1083 319 1132 cium
373 1091 579 1129 tantum
641 1081 739 1127 isto
797 1080 1143 1127 continuatim
1202 1080 1362 1126 tercio
1404 1093 1544 1125 anno
1587 1077 1809 1125 dimidio
1870 1078 2077 1124 instanti
2122 1074 2394 1123 Pannonia
2436 1074 2501 1122 de

183 1170 356 1220 Hraba
397 1167 618 1218 flumine
660 1169 723 1216 ad
767 1166 1040 1217 Orientem
1081 1179 1190 1215 tota
1232 1167 1400 1215 deleta
1443 1177 1534 1216 est.
1578 1165 1722 1215 Servi
1766 1177 1815 1214 et
1848 1165 2062 1214 ancillae
2106 1181 2227 1213 cum
2271 1164 2503 1228 parvulis

181 1261 287 1309 suis
327 1259 628 1322 consumpti
673 1268 811 1323 sunt,
852 1257 1172 1321 primoribus
1228 1256 1548 1323 quibusdam
1589 1258 1759 1311 tentis,
1804 1255 2123 1321 quibusdam
2182 1255 2385 1308 occisis,
2430 1263 2501 1310 et,

183 1349 327 1416 quod
367 1349 573 1413 turpior
614 1358 736 1414 erat,
776 1349 1025 1395 truncatis
1067 1363 1245 1401 manu,
1291 1346 1487 1412 lingua,
1529 1345 1857 1410 genitalibus,
1901 1346 2100 1391 remissi
2143 1353 2282 1394 sunt.

359 1451 649 1517 Imperator
689 1467 781 1517 per
821 1450 1117 1500 Baioariam
1158 1451 1221 1498 ad
1251 1449 1523 1499 Orientem
1566 1447 1927 1516 proficiscitur!
1969 1450 2291 1514 veniensque
2335 1462 2503 1510 prope

184 1541 379 1592 flumen
421 1539 714 1605 Tullinam‚
754 1538 1230 1589 Monte-Comiano
1275 1540 1607 1606 colloquium
1649 1537 1850 1589 habuit.
1894 1537 1966 1585 lbi
1998 1540 2128 1585 inter
2157 1538 2258 1584 alia
2288 1537 2506 1582 veniens

186 1631 561 1683 Zuentibaldus
602 1632 708 1679 dux
748 1646 872 1679 cum
914 1631 1238 1696 principibus
1280 1632 1403 1696 suis,
1459 1628 1644 1693 homo,
1700 1631 1833 1676 sicut
1873 1644 1991 1675 mos
2034 1637 2123 1692 est,
2180 1641 2271 1690 per
2312 1641 2505 1672 manus

188 1723 510 1787 imperatoris
566 1717 804 1777 efficitur,
861 1730 1181 1770 contestatus
1223 1720 1293 1767 illi
1346 1717 1649 1768 fidelitatem
1694 1720 2009 1772 iurament0‚
2069 1727 2118 1765 et
2159 1731 2327 1782 usque
2370 1714 2502 1761 dum

186 1811 405 1866 Karolus
445 1812 667 1872 vixisset,
710 1827 985 1877 nunquam
1028 1811 1079 1857 in
1122 1825 1346 1877 regnum
1387 1826 1546 1857 suum
1587 1807 1761 1856 hostili
1806 1810 2030 1855 exercitu
2073 1817 2206 1854 esset
2234 1816 2503 1855 venturus·

186 1899 371 1950 Postea
416 1902 654 1948 veniente
696 1899 1028 1948 Brazlowoni
1070 1900 1219 1956 duce,
1263 1901 1350 1966 qui
1397 1900 1447 1946 in
1491 1898 1542 1946 id
1583 1909 1793 1963 tempus
1835 1912 2054 1963 regnum
2101 1897 2232 1944 inter
2268 1894 2504 1942 Dravum

184 2003 235 2039 et
274 1989 470 2040 Savum
511 1988 730 2038 flumine
771 1992 954 2053 tenuit,
996 2005 1227 2055 suaeque
1270 1989 1492 2037 miliciae
1533 1988 1775 2036 subditus
1817 1987 2133 2052 adiungitur,
2174 2000 2258 2033 rex
2287 1999 2380 2051 per
2402 1981 2479 2032 Ca

186 2091 385 2128 rentam
430 2081 482 2126 in
525 2077 722 2127 ltaliam
765 2080 1006 2145 perrexit3
1050 2093 1298 2144 prospere
1340 2077 1499 2143 Papia
1541 2078 1766 2126 natalem
1811 2074 2003 2125 Christi
2046 2075 2367 2125 celebravit.“

1168 2274 1276 2359 sn
1332 2291 1515 2360 269.

363 2432 513 2487 Med
556 2431 835 2502 aprilom
879 2433 1008 2487 884
1050 2432 1111 2487 in
1156 2432 1604 2502 septembrem
1649 2432 1848 2499 885.1)

364 2521 554 2590 PapeZ
597 2521 864 2592 Hadrijan
898 2521 1044 2592 Illic
1074 2522 1287 2591 podelil
1317 2521 1581 2592 gradeski
1611 2521 1797 2576 cerkvi
1828 2520 2095 2575 nekoliko
2136 2520 2507 2590 privilegijev.

364 2611 437 2680 [lz
491 2613 662 2662 listine
714 2615 912 2680 papeia
968 2613 1123 2663 Ivana
1163 2613 1324 2680 XIX„
1381 2615 1563 2663 izdane
1622 2629 1826 2663 meseca
1867 2613 2143 2662 decembra
2198 2613 2300 2661 leta
2351 2626 2507 2676 1024,

193 2698 320 2771 (Cfr.
343 2701 531 2771 Mansi,
570 2699 775 2757 Concil,
805 2696 937 2772 coll,
975 2702 1112 2761 XIX,
1156 2701 1327 2772 491.)]

367 2984 516 3040 885.
1188 2889 1299 2971 St.
1331 2904 1509 2972 270.

366 3073 635 3144 Vojvoda
674 3073 871 3128 Arnulf
912 3075 965 3128 in
1008 3074 1326 3144 Svetopolk
1366 3075 1616 3129 skleneta
1658 3075 1760 3129 mir
1800 3092 1835 3129 v
1874 3074 2141 3129 Vzhodni
2205 3075 2509 3144 pokrajini,

191 3161 285 3217 kar
326 3179 387 3217 se
426 3163 481 3233 je
521 3163 757 3233 zgodilo
801 3180 833 3216 v
876 3166 1246 3220 navzocnosti
1291 3164 1530 3235 mnogih
1575 3164 1874 3218 bavarskih
1920 3164 2161 3219 knezov.

368 3255 518 3305 Ann.
560 3253 740 3320 Fuld.‚
785 3253 844 3322 V,
899 3256 963 3304 ad
1004 3272 1047 3308 a.
1078 3256 1179 3319 885
1224 3254 1370 3324 (MG.
1398 3255 1503 3324 SS.,
1540 3255 1574 3324 I,
1614 3254 1773 3323 402):
1828 3255 1968 3324 „Pax
2025 3259 2074 3303 in
2119 3254 2333 3305 Oriente
2377 3258 2513 3304 inter>

190 3341 415 3392 Arnolfo
458 3354 508 3391 et
546 3341 910 3402 Zuentibafflo,
954 3345 1314 3412 praesentibus
1355 3345 1550 3394 scilicet
1590 3343 1954 3394 Baioariorum
1997 3344 2337 3413 principibus,
2400 3347 2506 3393 ius-

193 3432 409 3482 iurando
452 3444 689 3482 constare
730 3430 1016 3487 firmatur.“

1188 3542 1299 3627 St.
1359 3559 1505 3627 271.

372 3685 520 3753 885,
561 3685 734 3755 proti
777 3686 996 3742 koncu
1039 3686 1236 3754 leta.2)

373 3775 558 3844 pape}
602 3761 784 3830 {teian
828 3776 939 3844 (V.)
983 3777 1105 3844 pise
1148 3776 1552 3831 slovanskemu
1595 3776 1767 3845 kralju
1810 3774 2165 3844 Svetopolku
2209 3775 2510 3842 [„Zvent0-

192 3863 356 3933 polco
395 3866 520 3934 regi
558 3863 952 3931 Sclavorum“]
1007 3869 1087 3918 ter
1129 3881 1201 3936 ga
1244 3865 1405 3930 hvali,
1464 3865 1534 3918 da
1577 3866 1620 3918 si
1661 3866 1712 3935 je
1756 3864 1939 3919 izmed
1985 3863 2123 3918 vseh
2168 3863 2394 3918 knezov
2436 3864 2506 3917 iz-

377 4016 409 4066 ι)
443 4012 483 4056 V
516 4014 609 4057 tem
643 4015 754 4057 Casu
787 4011 830 4068 je
864 4012 1017 4057 vladal
1050 4015 1201 4070 pape}
1235 4014 1459 4070 Hadrijan
1493 4014 1563 4059 111.

374 4089 411 4140 ἵ)
442 4086 515 4131 To
549 4087 704 4142 pismo
737 4086 780 4142 je
813 4087 906 4131 bilo
940 4088 1133 4143 spisano
1170 4088 1323 4133 kmalu
1358 4088 1534 4143 potem,
1570 4087 1628 4132 ko
1661 4087 1704 4145 je
1739 4088 1799 4133 bil
1834 4088 2032 4144 izvolJen
2067 4089 2218 4144 pape}
2253 4075 2410 4133 {tesan
2438 4088 2512 4144 V.,

198 4159 244 4204 ln
275 4160 389 4217 prej,
438 4159 583 4204 kakor
613 4159 656 4215 je
703 4159 848 4216 prislo
899 4161 1146 4206 naznanilo
1182 4176 1209 4206 o
1245 4162 1494 4207 Metodovi
1544 4163 1672 4207 smrti
1706 4175 1734 4207 v
1768 4162 1885 4209 Rim.
1931 4150 2088 4207 Stefan
2125 4162 2178 4207 V.
2212 4162 2254 4218 je
2288 4162 2350 4207 bil
2384 4163 2509 4218 proti

201 4233 353 4278 koncu
387 4234 653 4290 septembra
687 4234 776 4279 leta
808 4234 908 4279 885.
933 4235 1146 4292 izvolien.
1181 4236 1347 4281 Metod
1380 4250 1441 4293 pa
1473 4237 1516 4293 je
1550 4236 1667 4281 umrl
1702 4235 1794 4281 dne
1827 4236 1868 4281 6.
1903 4236 2046 4292 aprila
2080 4237 2309 4290 recenega
2341 4236 2444 4281 leta.
