2762 4458
1231 254 1295 311 st.
1321 267 1422 319 465,
1454 267 1555 311 466.
2449 267 2530 310 301

222 443 420 497 sklenil
464 444 564 496 mir
604 443 734 496 med
778 444 909 512 njim
952 443 1104 510 (med
1151 446 1446 513 cesariem)
1490 445 1543 497 in
1586 443 1883 497 Benecani.
1947 442 2122 497 Cesar
2166 443 2323 497 Oion
2364 444 2415 512 je
2460 443 2532 497 bil

222 530 386 602 jezen
429 549 499 586 na
540 532 854 597 Benecane‚
898 532 995 586 ker
1034 548 1102 586 so
1147 532 1280 586 ubili
1323 532 1514 586 doZda
1556 532 1729 586 Petra.
1775 531 1862 586 Ko
1903 533 1957 601 je
1999 532 2072 585 bil
2117 533 2217 585 mir
2259 531 2531 601 sklenjen‚

223 637 287 674 se
327 622 379 689 je
422 621 661 689 patriarh
703 621 840 675 vrnil
884 638 917 673 v
958 622 1127 690 ενοῇο
1172 621 1509 676 domovin0.

399 711 695 763 Johannis
735 713 967 763 diaconi
996 711 1215 762 Chron.
1240 712 1534 762 Venetum
1562 710 1894 780 (Monticolo,
1925 708 2198 759 Cronache
2227 711 2538 776 Veneziane‚

221 799 259 873 I,
310 800 451 867 143):
496 800 657 869 „Post
696 803 844 850 cuius
884 799 975 870 (sc.
1008 800 1140 849 Petri
1184 797 1410 868 Urseoli)
1451 801 1712 850 dicessum
1756 799 1956 863 Vitalis,
1997 812 2355 866 cognomento
2399 799 2536 850 Can-

220 889 424 958 d1anus‚
474 893 551 938 vir
600 892 762 940 totius
816 891 1122 954 prudentiae
1176 900 1226 938 et
1267 891 1528 957 bonitatis,
1570 891 1620 937 in
1663 889 1883 938 ducatus
1923 887 2186 938 honorem
2227 891 2540 956 subrogatus

221 988 328 1036 est;
371 979 518 1045 quod
558 979 776 1028 audiens
819 978 999 1028 Vitalis
1039 977 1346 1044 patriarcha,
1390 981 1481 1045 qui
1524 979 1666 1043 apud
1695 977 2054 1027 Veronensem
2097 976 2326 1026 marchia
2366 994 2541 1027 mora-

220 1067 388 1129 batur,
426 1065 496 1137 ’,ἰη
540 1067 814 1117 Venetiam
871 1070 1091 1119 intravit.
1137 1070 1226 1134 qui
1284 1084 1312 1116 a
1353 1068 1487 1117 duce
1530 1067 1886 1132 interpellatus
1929 1083 2050 1116 cum
2092 1069 2198 1116 suis
2241 1070 2436 1116 nuntiis
2477 1068 2541 1116 ad

220 1172 406 1222 pacem
463 1160 597 1206 inter
647 1160 1018 1223 imperatorem
1075 1169 1125 1206 et
1168 1157 1447 1207 Veneticos
1504 1157 1956 1220 consolidandam,
2003 1155 2355 1205 Teutonicam
2397 1159 2544 1222 petiit

219 1246 521 1312 regionem,'
569 1249 822 1314 quoniam
880 1247 1028 1296 ducis
1084 1246 1218 1295 Petri
1275 1245 1636 1296 interfectione
1693 1246 2005 1295 ammodum
2062 1247 2178 1295 illos
2230 1246 2540 1295 execrabiles

220 1350 515 1402 exososque
554 1335 809 1401 habebat3
850 1335 1058 1385 firmato
1100 1347 1276 1385 autem
1321 1335 1493 1384 federe
1536 1337 1600 1383 ad
1641 1337 1855 1402 propria
1895 1351 2130 1383 reversus
2173 1333 2299 1388 est.“

397 1423 648 1482 Danduli
690 1410 1031 1476 Chronieon
1070 1425 1158 1479 lib.
1190 1424 1322 1493 V111,
1350 1441 1391 1476 c.
1429 1424 1489 1473 16
1536 1440 1654 1490 pars
1690 1439 1707 1474 1
1749 1423 2042 1493 (Muratori‚
2082 1422 2265 1490 Script.
2291 1440 2387 1476 rer.
2418 1423 2542 1489 Ital.‚

218 1512 331 1582 XII,
356 1516 507 1581 217):
535 1514 752 1583 „vitalis
774 1513 1051 1564 Candiano
1074 1515 1181 1563 dux
1203 1515 1519 1564 acclamatus
1542 1525 1618 1563 est
1636 1531 1776 1564 anno
1796 1515 2000 1563 domini
2020 1511 2542 1568 DCCCCLXXVIIL

218 1602 321 1652 Hic
360 1605 439 1652 vir
477 1604 665 1670 plenus
706 1605 983 1670 prudentia
1023 1615 1073 1652 et
1129 1605 1360 1653 bonitate
1408 1602 1546 1652 filius
1587 1602 1686 1652 fuit
1727 1603 1859 1652 Petri
1903 1601 2178 1652 Candiano
2222 1605 2354 1652 tertii
2397 1604 2544 1652 ducis

221 1703 272 1741 et
311 1691 466 1742 frater
506 1692 640 1742 Petri
670 1693 818 1742 ducis
844 1710 871 1742 a
899 1693 1110 1743 Venetis
1137 1692 1408 1761 interfecti,
1444 1695 1592 1742 cuius
1620 1695 2015 1757 promotionem
2049 1691 2230 1742 Vitalis
2255 1691 2543 1758 patriarcha

218 1782 453 1847 audiens,
493 1785 585 1849 qui
625 1783 767 1848 apud
810 1782 1170 1832 Veronensem
1210 1781 1499 1832 Marchiam
1541 1783 1861 1839 morabatur,
1906 1785 1956 1830 in
2001 1781 2274 1832 Venetiam
2319 1784 2541 1831 intravit.

222 1871 322 1920 Hic
363 1871 650 1937 patriarcha
691 1889 720 1921 a
760 1872 894 1921 duce
936 1875 1218 1939 requisitus
1259 1889 1380 1922 cum
1424 1875 1531 1922 suis
1573 1874 1778 1923 nunciis
1819 1872 1884 1920 ad
1912 1888 2094 1937 pacem
2126 1874 2258 1921 inter
2286 1870 2539 1921 Ottonem

220 1963 594 2026 imperatorem
638 1973 687 2010 et
728 1961 957 2011 Venetos
999 1962 1436 2011 consolidandam
1478 1960 1869 2010 Theotonicam
1908 1963 2181 2028 regionem
2210 1964 2372 2027 petiit!
2404 1977 2540 2028 quo-

222 2052 363 2098 niam
405 2061 620 2117 propter
659 2051 806 2100 ducis
849 2050 982 2101 Petri
1025 2049 1299 2102 Candiano
1344 2053 1664 2100 occisionem
1707 2051 2002 2100 admodum
2043 2053 2186 2117 ipsos
2227 2051 2538 2100 execrabiles

219 2155 516 2206 exososque
558 2139 817 2208 habebat3
858 2144 948 2207 qui
989 2138 1197 2190 firmato
1241 2139 1451 2190 foedere
1493 2141 1558 2188 ad
1599 2142 1810 2207 propria
1852 2155 2088 2188 reversus
2132 2152 2206 2188 est
2231 2142 2251 2162 “

1204 2355 1311 2424 St.
1352 2355 1542 2423 466.

401 2497 549 2563 979,
591 2496 718 2551 dne
761 2498 820 2551 9.
849 2496 1157 2552 oktobra.
1204 2496 1516 2566 „Rieda“.¹)

239 2659 242 2660 ᾖ
401 2584 577 2640 Cesar
619 2585 776 2640 Oton
820 2585 920 2654 (ll.)
965 2586 1160 2655 podeli
1204 2586 1364 2640 vsled
1397 2587 1631 2656 prosnje
1661 2587 1902 2656 svojega
1932 2586 2219 2640 bratranca
2237 2588 2303 2655 2),
2348 2586 2538 2640 karan-

215 2674 494 2746 tanskega
534 2675 789 2744 voivoda
831 2675 1041 2743 Otona,
1099 2677 1362 2745 svojemu
1418 2675 1692 2730 fevdniku
1733 2675 1991 2730 Aribonu
2053 2692 2085 2728 v
2129 2675 2396 2744 popolno
2441 2677 2540 2730 last

222 2763 283 2816 tri
327 2763 567 2833 kraljeve
612 2764 831 2834 kmetije
874 2782 904 2818 z
947 2766 1122 2819 vsemi
1154 2765 1521 2834 priteklinami
1553 2782 1584 2818 v
1617 2765 1960 2831 Lebmachu,
1991 2764 2329 2832 Glandorfu,
2358 2765 2539 2819 Maiis-

223 2852 425 2923 bergu,
470 2852 875 2908 Beissendoriu
918 2855 970 2907 in
1015 2853 1271 2922 Podpeci
1289 2856 1334 2923 3)
1379 2872 1409 2906 v
1455 2854 1743 2924 podrocju
1786 2855 2012 2924 valpota
2046 2855 2328 2909 Hartwika
2371 2872 2405 2908 v
2436 2856 2539 2908 Hr-

221 2943 451 2996 vaskem
514 2942 727 3012 okraju.
797 2945 845 3010 [.,
896 2987 905 2997 .
951 2985 961 2995 .
1007 2988 1016 2998 .
1062 2943 1316 3013 qualiter
1368 2960 1474 2998 nos
1533 2943 1603 2997 ob
1657 2946 1994 3012 petitionem
2058 2946 2113 2998 et
2169 2946 2539 2998 interventum

225 3030 456 3086 Ottonis
510 3035 816 3102 aequivoci
867 3049 938 3087 ac
979 3033 1311 3087 consobrini
1365 3035 1551 3087 nostri
1592 3033 2051 3094 Karentenorum
2107 3033 2270 3088 ducis
2310 3035 2541 3086 nostrae

211 3124 593 3189 proprietatis
653 3124 766 3176 tres
824 3122 1048 3193 regales
1107 3123 1293 3177 hobas
1352 3126 1410 3176 in
1474 3124 1625 3177 villis
1667 3123 1953 3177 Lebenialz
2014 3125 2070 3177 et
2112 3122 2456 3192 Glanaa'orf
2489 3125 2544 3175 et

220 3211 536 3265 Malmosic
598 3227 667 3265 ac
705 3211 1090 3283 Buissindorf
1140 3214 1195 3265 et
1231 3211 1588 3279 Boa'peclzalz
1647 3213 1712 3265 in
1772 3214 2048 3281 regimine
2106 3211 2541 3280 uualdpoa'onis

223 3299 539 3354 Hartuuici
581 3302 639 3354 in
675 3317 832 3371 pago
882 3299 1182 3355 Chrouuat
1229 3303 1374 3356 sitas
1414 3302 1642 3355 cuidam
1673 3300 1855 3372 fideli
1908 3303 2100 3354 nostro
2142 3299 2319 3354 Aribo
2362 3302 2538 3353 nomi-

222 3392 361 3443 nato
403 3391 462 3443 in
497 3392 910 3457 proprietatem
952 3390 1318 3445 tradidimus,
1367 3434 1374 3442 .
1421 3393 1494 3458 .“]
1537 3390 1663 3444 Ako
1708 3406 1777 3444 ne
1822 3390 1877 3444 bi
1922 3390 2038 3444 bilo
2071 3407 2103 3442 v
2133 3390 2224 3443 teh
2269 3389 2441 3442 vaseh
2474 3406 2536 3441 za

222 3479 281 3531 tri
324 3478 545 3548 kmelije
590 3479 906 3548 kraljevega
950 3485 1122 3545 sveta,
1167 3482 1250 3549 naj
1297 3497 1357 3533 se
1402 3496 1434 3530 v
1465 3479 1761 3547 sosednjih
1807 3478 1977 3548 krajih
2023 3479 2221 3547 poisce
2251 3482 2312 3531 se
2343 3478 2537 3542 toliko,

224 3567 446 3622 kolikor
488 3568 724 3638 manjka.

402 3719 439 3770 ι)
474 3716 619 3764 Rieda
665 3716 708 3772 je
744 3717 872 3765 Rieth
924 3717 980 3761 ali
1031 3730 1091 3772 pa
1126 3716 1368 3769 Ritteburg
1418 3729 1476 3759 na
1511 3715 1703 3760 Saskem
1739 3729 1764 3759 v
1799 3715 1976 3771 okraju,
2022 3714 2241 3759 Goldene
2275 3715 2378 3759 Aue
2422 3715 2537 3758 ime-

218 3804 473 3836 novanem.
2343 3837 2345 3844 ,

399 3870 436 3920 ²)
471 3866 738 3922 Liutgarda,
770 3867 880 3910 mati
915 3865 1287 3918 karantanskega
1321 3865 1528 3921 voivoda
1564 3864 1740 3918 Otona,
1790 3864 1833 3920 je
1867 3863 1958 3908 bila
1994 3864 2063 3907 lici
2100 3863 2277 3919 cesaria
2311 3863 2474 3907 Otona
2510 3863 2537 3906 Ι.

222 3940 266 3984 lz
313 3943 420 3998 tega
468 3940 510 3997 ᾖε
560 3940 800 3993 razvidno‚
853 3940 973 3985 kako
1023 3942 1094 3984 sta
1141 3939 1233 3984 bila
1282 3952 1414 3983 cesar
1450 3938 1578 3983 Oton
1634 3938 1680 3983 Il.
1724 3939 1766 3982 in
1820 3938 2026 3993 vojvoda
2063 3937 2194 3982 Oton
2245 3938 2351 3982 med
2403 3937 2535 3992 seboj

221 4016 443 4060 sorodna.

401 4093 437 4144 ³)
473 4088 712 4134 Olandors
738 4088 781 4145 ᾖε
816 4089 878 4133 od
914 4088 1180 4143 koroskega
1214 4090 1363 4132 mesta
1398 4077 1462 4131 St.
1493 4087 1613 4131 Vida
1646 4088 1768 4143 proti
1802 4087 2127 4142 iugovzhodu‚
2164 4087 2297 4141 drugi
2331 4086 2441 4142 kraji
2477 4100 2537 4141 pa

221 4165 344 4220 proti
376 4162 698 4220 jugozahodu.
750 4162 963 4207 Pravilna
997 4163 1152 4207 oblika
1185 4176 1241 4207 za
1275 4161 1622 4217 „Bodpechah“
1683 4161 1724 4217 je
1758 4164 1824 4215 (v)
1859 4162 2128 4217 Podpeceh.
2181 4161 2374 4206 Nemski
2410 4162 2537 4216 Pup-

220 4237 375 4293 pitsch
409 4238 451 4294 ᾖε
485 4237 634 4282 nasta!
669 4240 708 4282 iz
743 4237 1060 4293 slovenskega
1095 4237 1374 4293 krajevnega
1409 4237 1563 4280 imena
1601 4237 1867 4291 „Podpee“.
